3306 4896
283 356 319 413 ”24
667 384 671 394 ·
790 381 812 424 1.
829 378 856 424 3.
875 377 900 424 1.

371 556 539 621 Paulatim
559 576 678 620 somno
699 557 788 619 fessa
806 555 955 620 remittat
975 575 1068 638 opus.

327 671 419 734 Tunc
436 671 571 734 veniam
591 670 711 745 subito,
732 691 793 734 neo
813 673 990 754 quisquam
1009 673 1143 735 nuntiet
1163 675 1249 748 ante,

242 818 271 856 oo
373 784 435 849 Sed
455 786 570 850 videar
589 786 669 851 oselo
689 788 813 850 missus
834 786 951 850 adesse
970 786 1041 849 tibi.

326 903 418 966 Tune
437 903 531 978 mihi,
554 903 661 985 qualis
683 903 756 977 sris,
777 903 897 985 longos
916 902 1050 966 turbata
1070 903 1217 984 capillos,

372 1017 477 1083 Obvia
495 1019 632 1094 nudato,
653 1018 758 1094 Delia,
780 1039 874 1083 ourre
893 1019 987 1100 psde.

326 1135 399 1198 Hoo
419 1154 546 1216 precor,
566 1134 655 1197 huno
674 1134 772 1197 ilium
790 1134 889 1198 nobis
908 1135 1036 1197 Aurora
1056 1135 1220 1199 nitentem

371 1249 562 1313 Luoiferum
583 1249 687 1312 roseis
708 1247 849 1313 eandida
867 1254 980 1332 portet
1000 1251 1102 1332 equis.

820 1571 863 1636 ΙΙ.

326 1712 468 1777 Divitias
488 1712 575 1776 alius
595 1714 685 1777 fulvo
706 1713 768 1777 sibi
789 1717 948 1795 congerat
968 1733 1048 1777 auro

371 1828 413 1892 Et
432 1832 544 1891 teneat
563 1829 645 1892 oulti
664 1830 779 1911 iugera
798 1831 905 1893 multa
925 1830 997 1904 soli,

328 1944 434 2023 Quem
453 1942 549 2006 labor
567 1941 729 2006 adsiduus
747 1945 858 2007 vioino
879 1947 1003 2008 terreat
1022 1945 1127 2017 hoste,

370 2058 493 2122 Martia
513 2059 566 2122 oui
587 2079 724 2123 somnos
743 2061 881 2124 elassioa
901 2059 999 2142 pulsa
1020 2060 1155 2141 fugent:

256 2203 269 2240 s
325 2175 380 2239 Me
399 2195 476 2238 mea
494 2180 673 2257 paupertas
693 2177 763 2241 vita
781 2176 934 2240 traducat
952 2176 1062 2251 inerti,

371 2292 460 2355 Dum
478 2309 573 2354 meus
593 2289 733 2354 adsiduo
753 2289 862 2352 luceat
880 2291 958 2371 igne
979 2292 1081 2354 foous.

326 2409 401 2491 Ipse
422 2427 530 2471 seram
549 2411 682 2470 teneras
701 2409 833 2470 maturo
853 2407 1003 2488 tompore
1023 2407 1108 2470 vites

370 2522 528 2585 Rusticus
549 2525 581 2584 st
601 2520 691 2584 facili
711 2521 852 2600 grandia
870 2541 973 2603 poma
990 2543 1114 2586 manu:

325 2638 392 2703 Neo
413 2635 496 2719 Spes
516 2635 684 2711 destituat,
708 2635 765 2698 sed
784 2637 918 2717 frugum
938 2657 1070 2718 semper
1089 2657 1223 2701 aoervos

241 2779 269 2818 ro
370 2752 571 2832 Praebeatpt
589 2751 690 2833 pleno
710 2751 850 2832 pinguia
869 2754 981 2814 musta
1001 2751 1084 2816 laou.

325 2871 410 2933 Nam
430 2888 578 2938 veneror,
601 2885 660 2930 seu
681 2866 783 2946 stipes
803 2865 906 2928 habet
925 2865 1075 2930 desertus
1095 2868 1132 2931 in
1152 2869 1249 2948 agris,

371 2984 437 3049 Seu
454 2987 549 3047 vetus
568 2983 606 3045 in
625 2982 722 3046 trivio
742 2981 861 3045 florida
881 2985 970 3044 serta
988 2982 1084 3065 lapis,

325 3101 367 3163 Et
386 3099 617 3182 quodcumque
637 3098 722 3160 mihi
740 3117 879 3178 pomum
899 3117 1005 3162 novus
1027 3097 1146 3161 educat
1166 3119 1286 3177 annus,

370 3215 528 3279 Libatum
549 3214 701 3296 agricolae
720 3215 859 3297 ponitur
878 3220 956 3279 ante
975 3215 1046 3279 deo.

241 3358 269 3396 ιε
325 3331 428 3394 Flava
448 3327 555 3404 Ceres,
576 3330 637 3392 tibi
657 3331 702 3392 sit
720 3337 835 3395 nostro
856 3332 896 3396 de
915 3354 991 3396 rure
1012 3353 1134 3398 oorona

371 3445 499 3528 Spicea,
520 3466 592 3526 quae
611 3446 726 3528 templi
748 3447 895 3529 pendeat
915 3453 992 3511 ante
1012 3449 1119 3512 fores:

325 3561 542 3643 Pomosisque
562 3561 662 3624 ruber
680 3566 792 3626 custos
811 3567 956 3644 ponatur
976 3564 1012 3625 in
1032 3564 1147 3638 hortis,

371 3678 505 3740 Terreat
524 3679 562 3739 ut
581 3697 668 3740 saeva
688 3677 772 3741 faloe
792 3679 932 3760 Priapus
953 3699 1040 3744 aves.
1156 3746 1160 3752 ,

325 3792 393 3856 Vos
414 3812 552 3874 quoquo,
575 3793 681 3857 felicis
702 3793 880 3875 quondam,
900 3814 990 3857 nuno
1010 3795 1167 3876 pauperis
1187 3796 1258 3876 agri

240 3935 270 3974 ro
371 3905 544 3985 Custodes,
564 3910 658 3972 fertis
677 3929 819 3972 munera
838 3913 957 3984 vestra,
979 3909 1100 3975 Lares:

326 4023 418 4086 Turro
437 4023 543 4087 vitula
561 4024 762 4088 innumeros
781 4023 946 4087 lustrabat
965 4043 1050 4089 oaesa
1068 4026 1235 4098 iuvencos,

371 4137 466 4200 Nuno
486 4157 572 4218 agna
592 4139 702 4220 exigui
722 4143 772 4202 est
793 4139 903 4202 hostia
923 4159 1026 4221 parva
1047 4139 1129 4205 soli:
