3268 4896
317 407 370 462 144
755 431 797 474 an
813 432 836 476 1.
854 428 880 489 5,
898 429 1006 482 9—14.

317 607 374 674 Ov.
404 607 482 672 Her.
516 610 544 683 3,
578 609 660 673 107:
685 607 830 689 «Perque
859 612 956 671 tuum
983 611 1204 690 nostrumque
1232 611 1353 690 caput,
1374 621 1446 690 quae

315 725 486 789 iunximus
505 744 606 799 unae:
627 726 665 788 ct
680 724 776 806 Prop.
790 723 833 787 11.
851 725 900 799 14,
916 725 978 788 bb:
996 721 1147 787 «Mecum
1162 723 1281 787 habuit
1299 724 1448 806 positum

316 841 410 904 lenta
429 840 542 920 puella
556 843 693 921 caput».
973 849 975 856 ’
1102 871 1104 874 -
1414 869 1416 874 ⁷

325 1000 327 1006 ,
360 953 398 1016 V.
420 955 539 1018 9—14.
574 952 665 1019 tristi
695 953 826 1030 morbo,
862 957 900 1017 ut
930 954 1019 1017 infra
1046 954 1083 1016 in
1111 955 1259 1018 carmine
1291 951 1446 1036 Sulpiciae

315 1069 381 1150 (IV.
414 1071 464 1145 11,
496 1071 557 1149 3.):
590 1070 722 1134 «tristes
750 1071 918 1135 morbos».
938 1108 983 1114 —-
1001 1069 1121 1136 morbo
1151 1069 1296 1155 defessa,
1326 1075 1364 1136 ut
1390 1072 1444 1138 IV.

320 1187 370 1264 11,
400 1187 429 1254 l.
461 1185 549 1267 apud
578 1183 782 1267 Sulpiciam:
817 1186 933 1265 «Quod
961 1207 1036 1249 mea
1064 1207 1155 1249 nunc
1183 1191 1279 1250 vexat
1307 1208 1448 1269 corpora

316 1302 406 1364 fessa
425 1301 534 1363 calor»
559 1304 592 1362 et
610 1300 663 1364 IV.
685 1302 715 1370 4,
742 1303 790 1364 10.
813 1301 911 1383 apud,
925 1301 1094 1364 Tibullum
1112 1303 1245 1382 ipsum:
1270 1303 1446 1381 «Quicum-

318 1435 380 1497 que
412 1417 446 1477 et
475 1417 594 1478 cantus
625 1434 765 1496 corpora
796 1417 885 1479 fessa
915 1417 1060 1479 levant».
1090 1453 1135 1459 -—
1164 1417 1251 1481 uotis
1278 1417 1446 1500 eripuisse

316 1532 410 1606 meis,
432 1551 474 1594 so.
496 1550 557 1611 pro
578 1532 685 1594 salute
705 1535 764 1594 tua
783 1534 958 1614 susceptis.
974 1569 1016 1575 —
1029 1532 1207 1614 eripuisse,
1223 1553 1265 1595 so.
1280 1534 1448 1612 morti--

319 1648 348 1710 te
366 1645 497 1711 circuni
518 1646 664 1710 lustravi
683 1646 818 1731 sulfure
831 1666 935 1730 puro,
957 1648 1084 1711 sulfure
1104 1646 1445 1730 suffiebantaegrotos,

316 1764 355 1828 ut
382 1762 500 1827 morbo
531 1764 773 1842 purgarentur:
802 1763 841 1824 of.
875 1761 932 1825 Ov.
964 1762 1001 1826 A.
1023 1763 1059 1825 A.
1089 1763 1131 1826 Π.
1163 1765 1362 1828 saa—330:
1386 1765 1447 1828 «Et

316 1877 440 1953 veniat,
461 1896 533 1958 quae
552 1877 673 1940 lustret
703 1896 788 1939 anus
816 1877 1007 1958 lectumque
1036 1877 1214 1960 locumque
1237 1879 1395 1942 Praeferat
1413 1884 1448 1943 et

316 1994 461 2055 tremula
480 1993 588 2055 sulfur
601 1998 634 2056 et
646 2011 709 2055 ova
728 2013 863 2055 manu».
876 1993 1071 2070 —oircura
1088 1993 1303 2058 adverbium:
1322 1997 1448 2058 lectum

317 2107 526 2181 circumiens,
548 2113 585 2170 ut
603 2106 760 2170 Menand.
783 2108 872 2190 apud
892 2107 994 2174 Glem.
1014 2110 1105 2172 Alex,
1129 2108 1249 2173 Strom.
1261 2109 1333 2174 VII.
1354 2112 1385 2185 4,
1404 2111 1445 2175 al

316 2224 359 2304 (p.
381 2224 488 2302 713.):
507 2224 763 2309 περιμαξάτωσαν
776 2223 805 2286 o'
819 2219 853 2286 αἱ
871 2231 1013 2304 γυναῖκες
1033 2222 1064 2287 ἐν
1084 2226 1189 2308 κύκλῳ
1207 2227 1262 2289 καὶ
1281 2229 1445 2310 περιθειω·

318 2343 492 2415 adracen:
512 2340 602 2403 idem
637 2338 805 2421 significat
843 2343 1042 2423 capitelam<
1079 2341 1168 2423 apud
1201 2342 1284 2406 Plat.
1322 2342 1442 2425 Gratyl

317 2476 349 2537 p.
369 2457 435 2520 405
455 2457 491 2520 A.
512 2494 556 2499 -
571 2474 672 2539 puro,
703 2461 875 2537 purgante,
905 2459 944 2518 ut
972 2456 1108 2520 Theoor.
1139 2458 1191 2526 dl.
1218 2458 1280 2523 94:
1309 2461 1443 2545 καθαρῷ

318 2570 352 2633 δὲ
370 2575 533 2655 κυρώσατε
553 2571 642 2656 δῶμα
661 2572 757 2653 θεείῳ
768 2593 776 2645 ;
797 2572 836 2634 cf.
857 2571 942 2634 Plin.
964 2571 1001 2634 N.
1023 2572 1065 2635 H.
1080 2573 1211 2639 XXXV.
1230 2576 1311 2639 177:
1328 2575 1447 2639 «habet

288 2696 290 2701 ’
317 2685 426 2748 sulfur
444 2690 478 2748 et
496 2687 532 2748 in
563 2686 782 2767 religionibus
811 2688 923 2749 locum
956 2688 997 2751 ad
1030 2688 1211 2769 expiandas
1244 2688 1359 2752 suffitu
1388 2689 1445 2752 do-

316 2819 422 2863 mos».
442 2837 488 2844 -—
505 2801 751 2883 praeoiuuisset,
780 2804 914 2884 proprie
942 2802 1063 2865 dieitur
1091 2801 1131 2864 de
1159 2801 1448 2866 incantationibus

316 2915 353 2984 in
376 2916 493 2979 morbo
524 2915 693 2992 adhibitis,
714 2917 804 2980 unde
837 2939 923 3000 sagae
955 2919 1057 2981 etiam
1083 2917 1329 3000 praeoautrioes
1361 2918 1446 2981 dice·-

316 3030 457 3106 bantur;
478 3034 518 3094 cf.
540 3032 632 3095 Varr.
654 3032 744 3114 apud
763 3033 847 3097 Non.
868 3035 945 3109 494,
968 3035 1020 3097 26.
1046 3034 1140 3098 Idem
1160 3034 1326 3116 signifieat
1352 3053 1449 3118 pra--

317 3149 494 3212 oaratatrioe
521 3149 628 3212 Plaut.
649 3149 720 3212 Mil.
752 3148 833 3229 glor.
856 3150 920 3212 692
941 3153 974 3212 et
992 3149 1152 3232 Porphyr.
1174 3151 1217 3214 ad
1235 3151 1316 3214 Hor.
1338 3150 1445 3215 (larm.

315 3264 415 3339 Ml,
447 3267 499 3328 al.
520 3303 564 3308 ——
580 3266 778 3349 procuravi,
808 3265 944 3346 proprie
972 3264 1094 3327 dicitur·
1122 3265 1164 3329 de¹
1190 3266 1353 3346 prodigiis
1379 3265 1447 3328 ritu

316 3398 410 3443 sacro
445 3380 628 3461 expiandis,
664 3380 728 3442 hoo
761 3378 835 3442 loeo
870 3379 910 3442 de
939 3380 1038 3442 malie
1059 3381 1230 3444 ominibus
1259 3382 1297 3444 in
1328 3400 1446 3444 somno

313 3493 405 3560 visis.
435 3532 480 3537 —
500 3514 592 3560 soeua
612 3544 619 3559 .
641 3545 648 3558 .
671 3544 679 3558 .
702 3494 852 3573 souauia,
883 3515 955 3575 quae
984 3497 1119 3560 funesta
1145 3496 1374 3579 portendunt;
1404 3497 1444 3559 ct

316 3605 418 3691 Soph.
438 3609 488 3674 El.
510 3612 595 3674 500:
616 3609 647 3674 ἐν
668 3611 780 3681 δεινοῖς
800 3607 931 3695 ὀνείροις
953 3613 985 3673 et
1003 3610 1075 3674 Val.
1096 3610 1185 3675 Flac.
1199 3612 1224 3675 Ι.
1241 3613 1305 3675 329
1320 3635 1327 3674 :
1342 3629 1447 3674 «saeva

314 3725 518 3788 insomnia».
538 3762 583 3768 —
603 3727 654 3790 ter
680 3728 802 3791 sauata
830 3725 1070 3791 deveneranda
1099 3726 1205 3806 ructa,
1236 3726 1328 3790 mola
1358 3727 1448 3791 salsa

314 3840 484 3920 inignem
504 3841 673 3916 coniecta;
694 3843 733 3904 cf.
754 3840 856 3922 Lygd.
878 3842 908 3916 4,
930 3843 1061 3906 9—10:
1085 3843 1145 3905 «Et
1162 3847 1283 3906 natum
1301 3843 1447 3906 inauras

315 3956 493 4026 hominum
512 3976 618 4036 genus
638 3957 753 4021 omina
773 3959 883 4021 noetis
900 3956 1003 4020 Farre
1022 3959 1079 4041 pio
1095 3959 1233 4041 placant
1253 3963 1286 4022 et
1305 3959 1448 4022 saliente

316 4072 417 4136 sale».
437 4109 482 4116 —
501 4071 751 4153 deuouerauda,
780 4072 999 4154 deprecanda,
1030 4074 1185 4155 precibus
1214 4077 1246 4137 et
1275 4074 1343 4136 ritu
1370 4072 1448 4136 reli·

315 4187 410 4269 gioso
439 4188 708 4264 avenuncanda:
739 4207 883 4254 ueneror
913 4189 1005 4255 enirn
1034 4208 1122 4269 saepe
1151 4189 1240 4252 idem
1269 4187 1447 4269 significat,¹
