3306 4896
324 419 360 472 34
850 433 873 485 1'.
894 439 921 488 e.

413 615 649 698 Sanguineque
670 615 774 680 effuso
795 617 921 699 spargit
941 617 1050 680 inulta
1069 618 1177 693 deam,

358 717 506 814 'sterque
524 733 613 795 latus
632 731 765 814 praefixa
783 751 873 808 veru,
896 735 963 796 stat
982 733 1095 796 saucia
1114 737 1239 816 pectus,

283 881 312 918 so
410 849 453 913 Et
473 848 564 913 canit
583 853 733 925 eventus,
753 868 836 929 quos
856 847 919 911 dea
937 867 1060 930 magna
1079 853 1213 912 monet:

370 965 525 1042 «Parcite,
547 984 649 1045 quam
667 962 813 1027 custodit
831 962 942 1039 Amor,
963 963 1088 1028 violare
1108 963 1266 1046 puellam,
1334 983 1337 986 ·

409 1080 458 1145 Ne
477 1080 591 1162 pigeat
608 1098 730 1159 magno
749 1083 827 1160 post
846 1077 1002 1143 didicisse
1022 1081 1122 1144 male.

256 1193 258 1198 ’
365 1195 530 1278 Attigerit,
550 1194 706 1258 labentur
725 1214 816 1276 epse,
838 1199 875 1259 ut
893 1195 1031 1259 vulnere
1051 1199 1167 1259 nostro

410 1310 563 1393 Sanguis,
584 1314 623 1373 ut
641 1311 695 1373 hic
714 1311 824 1373 ventis
843 1310 1065 1392 diripiturque
1085 1312 1199 1376 cinis.»

279 1460 308 1497 ss
362 1428 405 1490 Et
423 1427 485 1491 tibi
504 1427 616 1489 nescio
636 1444 719 1507 quas
738 1425 829 1500 dixit,
852 1445 926 1489 mea
945 1425 1051 1503 Delia,
1072 1446 1208 1507 poenas:

410 1540 445 1606 Si
464 1544 579 1605 tamen
599 1539 765 1615 admittas,
788 1543 833 1604 sit
851 1561 968 1622 precor
987 1542 1046 1605 illa
1065 1542 1157 1606 levis.
1189 1537 1192 1540 ’

363 1656 438 1721 Non
458 1675 518 1739 ego
538 1658 571 1720 te
590 1659 727 1739 propter
745 1674 845 1738 parco
866 1655 936 1731 tibi,
959 1656 1017 1719 sed
1036 1660 1095 1721 tua
1113 1661 1220 1722 mater

407 1772 463 1837 Me
482 1773 595 1836 movet
614 1775 713 1852 atque
733 1772 800 1834 iras
820 1790 922 1835 aurea
940 1772 1044 1835 vincit
1064 1792 1157 1836 anus.

362 1888 443 1952 Haee
461 1887 546 1951 mihi
566 1890 598 1950 te
619 1886 753 1950 adducit
772 1886 919 1950 tenebris
938 1887 1112 1970 multoque
1131 1889 1251 1952 timore

277 2038 306 2075 σο
408 2003 590 2084 Coniungit
609 2005 742 2066 nostras
762 2003 849 2066 clam
867 2003 1035 2066 taciturna
1054 2023 1194 2066 manus:

361 2119 440 2183 Haec
458 2118 650 2200 foribusque
670 2121 786 2182 manet
804 2122 906 2181 noctu
925 2139 979 2182 me
999 2117 1105 2182 adfixa
1124 2120 1306 2202 proculque

405 2232 764 2316 Cognoscitstrepitus
784 2255 837 2298 me
857 2235 1013 2299 veniente
1032 2236 1165 2318 pedum.

359 2351 440 2415 Vive
461 2351 518 2414 diu
537 2349 631 2424 mihi,
653 2350 760 2414 dulcis
780 2371 883 2414 anus:
904 2352 1058 2433 proprios
1080 2373 1139 2435 ego
1159 2355 1278 2428 tecum,

404 2465 454 2531 Sit
472 2465 572 2533 modo
593 2467 652 2542 fas,
676 2486 783 2530 annos
803 2449 1024 2531 contribuisse
1043 2467 1153 2532 velim.

274 2615 302 2652 05
357 2583 401 2646 Te
421 2602 554 2663 semper
572 2584 753 2664 natamque
772 2586 866 2647 tuam
886 2587 918 2646 te
937 2587 1073 2666 propter
1093 2584 1232 2647 amabo:

402 2697 569 2779 Quidquid
588 2698 665 2779 agit,
687 2697 825 2780 sanguis
845 2702 895 2788 est
915 2701 1029 2762 tamen
1047 2698 1106 2762 illa
1125 2701 1212 2764 tuus.

359 2812 411 2876 Sit
428 2812 528 2876 modo
549 2816 651 2889 casta,
672 2812 762 2889 doce,
784 2814 936 2895 quamvis
956 2833 1026 2878 non
1044 2814 1127 2879 vitta
1146 2814 1268 2896 ligatos

401 2927 567 3010 Impediat
585 2929 694 2990 crines
713 2948 775 2991 nec
795 2929 881 2992 stola
900 2928 1001 3011 longa
1019 2929 1130 3010 pedes.

356 3044 400 3108 Et
418 3044 503 3108 mihi
523 3044 591 3108 sint
610 3043 700 3107 durae
719 3044 810 3125 leges
830 3042 966 3106 laudare
986 3063 1048 3107 nec
1067 3045 1173 3107 ullam

271 3192 300 3229 ro
400 3160 530 3224 Possim
551 3179 622 3242 ego,
643 3160 724 3241 quin
745 3159 858 3223 oculos
878 3162 1015 3242 appetat
1033 3159 1093 3223 illa
1111 3179 1223 3223 meos:

355 3275 447 3339 Etsi
468 3275 546 3356 quid
565 3294 720 3357 peccasse
740 3278 844 3356 putet,
866 3275 1031 3357 ducarque
1051 3274 1182 3356 capillis

400 3390 573 3455 Immerito
593 3391 629 3454 in
648 3391 777 3455 medias
796 3391 1027 3474 proripiarque
1046 3390 1127 3453 vias.

355 3507 430 3571 Non
450 3526 510 3587 ego
530 3509 563 3569 te
581 3506 716 3588 pulsare
734 3505 845 3581 velim,
868 3504 935 3578 sed,
956 3502 1085 3567 venerit
1104 3505 1166 3568 iste

401 3621 436 3685 Si
454 3623 555 3696 furor,
578 3623 722 3704 optarim
741 3642 810 3686 non
830 3621 987 3685 habuisse
1006 3640 1137 3683 manus.

243 3800 245 3804 ,
269 3769 298 3806 75
354 3737 421 3801 Nec
441 3758 528 3801 saevo
548 3738 594 3800 sis
614 3740 704 3801 casta
724 3739 825 3812 metu,
847 3735 905 3799 sed
924 3738 1037 3798 mente
1055 3732 1165 3798 fideli:

398 3853 538 3915 Mutuus
559 3852 688 3916 absenti
707 3855 741 3915 te
761 3852 845 3915 mihi
865 3855 974 3914 servet
993 3870 1095 3914 amor.

353 3971 396 4031 At
414 3989 486 4050 quae
504 3967 571 4031 fida
591 3970 653 4032 fuit
672 3969 767 4043 nulli,
789 3971 866 4049 post
885 3968 972 4030 victa
992 3970 1126 4030 senecta

398 4083 497 4147 Ducit
516 4085 615 4167 inops
635 4085 778 4147 tremula
798 4083 943 4147 stamina
961 4084 1050 4144 torta
1068 4101 1172 4144 manu

353 4197 531 4279 Firmaque
550 4201 724 4264 conductis
745 4199 891 4263 adnectit
910 4199 988 4262 licia
1007 4197 1082 4262 telis
