3306 4896
761 449 783 492 1.
804 446 830 493 4.

233 707 235 712 Ι
321 625 401 690 Post
419 624 521 688 etiam
541 623 627 687 eollo
648 643 682 688 se
702 623 909 704 implicuisse
929 623 1028 686 volet.

276 741 353 806 Heu
373 740 460 805 male
481 761 571 803 nune
597 745 684 804 artes
704 740 844 803 miseras
864 739 934 801 haee
954 739 1075 802 saeeula
1095 741 1258 803 tractant:

322 855 393 918 Iam
412 858 508 918 tener
527 855 679 918 adsuevit
697 873 839 916 munera
857 852 944 916 velle
963 873 1056 934 puer.

277 973 320 1036 At
338 975 385 1048 tu,
405 973 461 1054 qui
481 972 646 1035 Venerem
666 969 808 1034 docuisti
827 967 971 1033 vendere
990 969 1129 1051 primus,

323 1087 481 1170 Quisquis
502 1108 547 1164 es,
568 1088 686 1150 infelix
705 1091 823 1168 urgeat
842 1105 918 1150 ossa
936 1085 1033 1167 lapis.

277 1203 433 1280 Pierides,
454 1205 560 1285 pueri,
581 1205 697 1267 doctos
717 1206 750 1265 et
769 1206 878 1267 amate
899 1204 1025 1283 poetas.

322 1317 431 1382 Aurea
449 1338 511 1380 nee
531 1322 690 1399 superent
708 1337 849 1380 munera
868 1315 1025 1379 Pieridas.

278 1432 434 1497 Carmine
453 1431 629 1517 purpurea*
641 1437 691 1498 est
710 1433 782 1496 Nisi
802 1453 917 1498 coma:
937 1433 1087 1495 earmina
1104 1431 1141 1493 ni
1162 1431 1239 1508 sint,

322 1549 370 1612 Ex
388 1570 504 1613 umero
524 1550 657 1632 Pelopis
676 1570 747 1613 non
765 1551 923 1614 nituisset
944 1550 1033 1614 ebur.

280 1665 385 1744 Quem
405 1668 549 1730 referent
567 1666 682 1743 Musas,
703 1667 801 1741 vivet,
823 1666 902 1730 dum
921 1666 1042 1729 robora
1060 1665 1170 1741 tellus,

323 1780 411 1845 Dum
430 1781 548 1846 uaelum
568 1783 692 1858 stellas,
713 1782 793 1846 dum
811 1783 912 1848 vehet
931 1783 1040 1846 amnis
1060 1801 1173 1864 aquas.

279 1895 321 1957 At
340 1896 396 1976 qui
416 1916 485 1959 non
506 1896 600 1961 audit
619 1896 743 1964 Muses.
765 1896 821 1978 qui
841 1897 955 1960 vendit
975 1916 1132 1970 amorem,

323 2011 418 2075 Idaeae
438 2033 553 2076 currus
574 2013 632 2075 ille
653 2018 811 2094 sequatur
830 2011 912 2093 Opis

278 2124 321 2188 Et
339 2130 549 2190 tercentenas
570 2127 737 2190 erroribus
758 2128 887 2208 expleat
906 2125 1004 2188 urbes

322 2238 365 2302 Et
384 2244 473 2304 secet
492 2241 534 2304 ad
552 2240 716 2322 Phrygios
734 2241 815 2304 vilia
833 2241 985 2304 membra
1003 2238 1129 2302 modos.

278 2352 457 2419 Blanditiis
476 2357 547 2419 vult
568 2377 639 2420 esse
659 2358 770 2421 locum
789 2357 903 2421 Venus
923 2358 1016 2438 ipsa:
1038 2355 1181 2440 querelis

324 2467 547 2550 Supplieibus‚
568 2470 701 2535 miseris
720 2470 855 2534 fletibus
874 2471 934 2534 illa
954 2471 1070 2534 favet.»

258 2582 358 2646 Haec
375 2585 470 2661 mihi,
491 2606 563 2667 quae
584 2606 737 2650 canerem
758 2587 853 2663 Titio,
875 2587 956 2650 deus
977 2586 1081 2650 edidit
1100 2606 1174 2649 ore:

324 2696 389 2762 Sed
408 2699 532 2763 attium
551 2701 697 2764 coniunx
717 2702 786 2764 haee
805 2701 1000 2764 meminisse
1020 2704 1118 2764 vetat.

279 2810 397 2876 Pareat
415 2813 472 2877 ille
493 2835 579 2879 suae:
600 2835 659 2878 vos
678 2835 732 2878 me
752 2815 916 2878 celebrate
935 2814 1143 2894 magistrum,

325 2928 415 3007 Quos
434 2931 521 2994 male
541 2930 642 2994 habet
660 2929 927 2994 multaeallidus
947 2936 1016 2993 arte
1036 2951 1129 3012 puer.

281 3043 396 3108 Gloria
416 3045 534 3127 auique
554 3068 615 3110 sue
635 3053 702 3111 est:
722 3067 786 3122 me,
809 3047 864 3129 qui
885 3053 1094 3129 spernentur,
1117 3050 1270 3112 amantes

324 3158 540 3226 Consultent:
561 3163 688 3226 eunetis
709 3164 811 3226 ianua
829 3166 947 3226 nostra
965 3167 1023 3244 pat
1045 3168 1067 3227 t.

280 3273 423 3356 Tempus
444 3278 515 3352 erit,
538 3297 613 3340 eum
631 3298 687 3340 me
707 3277 846 3340 Veneris
865 3281 1030 3360 praeeepta
1051 3280 1213 3340 ferentem

324 3390 474 3456 Deducat
492 3393 651 3457 iuvenum
672 3393 788 3458 sedula
807 3394 904 3458 turba
924 3414 1048 3458 senem.

280 3505 356 3570 Heu
375 3508 441 3571 heu
461 3529 561 3590 quam
580 3510 754 3574 Marathus
774 3512 865 3573 lento
885 3531 939 3572 me
958 3513 1091 3591 torquet
1110 3511 1240 3572 amore!

323 3620 490 3686 Deficiunt
510 3627 607 3699 artes,
628 3622 852 3707 deficiuntque
871 3625 949 3688 doli.

278 3735 388 3814 Parce,
408 3759 501 3821 puer,
523 3759 644 3820 quaes0‚
665 3761 708 3804 ne
729 3742 836 3823 turpis
854 3742 968 3806 fabula
986 3741 1074 3816 fiam,

326 3851 409 3915 Cum
428 3873 504 3917 mea
524 3855 682 3919 ridebunt
699 3875 788 3920 vana
806 3857 1008 3936 magisteria.
