3306 4896
719 481 741 523 1.
759 478 785 524 5.
803 478 829 523 ἓ.

298 657 457 722 Versatur
475 656 576 720 celeri
595 657 664 720 fors
683 656 767 720 levis
788 655 866 718 orbe
886 661 976 720 rotae.

253 772 328 836 Non
347 773 470 836 frustra
489 769 625 854 quidam
644 773 712 835 iam
731 792 822 834 nunc
841 773 877 834 in
897 771 1015 834 limine
1033 774 1160 852 perstat

299 885 441 951 Sedulus
462 906 499 950 ao
518 887 632 950 crebro
651 886 815 968 prospicit
835 906 872 950 ac
893 885 1023 966 refugit,

252 1003 296 1066 Et
314 1003 451 1066 simulat
469 1003 613 1066 transire
632 1001 778 1077 domum,
800 1021 879 1064 mox
898 1000 1018 1064 deinde
1039 1003 1178 1063 recurrit

299 1116 397 1182 Solus
417 1123 450 1182 et
469 1123 546 1183 ante
565 1119 656 1201 ipsas
677 1121 824 1180 exscreat
842 1138 947 1200 usque
968 1119 1064 1182 fores.

253 1232 371 1297 Nescio
392 1233 471 1315 quid
490 1235 632 1298 furtivus
652 1254 747 1298 amor
764 1237 868 1316 parat
890 1234 990 1298 Utere
1010 1253 1130 1316 quaeso,

297 1347 386 1412 Dum
405 1348 502 1412 licet:
522 1348 559 1412 in
578 1349 706 1430 liquida
726 1351 785 1412 nat
803 1349 864 1411 tibi
884 1349 985 1411 linter
1005 1368 1099 1430 aqua.

743 1667 797 1731 IV.

252 1808 344 1872 Adde
364 1829 492 1872 merum
513 1808 658 1891 vinoque
677 1829 783 1873 novos
803 1829 976 1890 compesce
996 1809 1137 1882 dolores,

299 1923 446 2006 Occupet
464 1930 502 1987 ut
521 1925 600 1988 fessi
620 1925 750 1988 lumina
769 1927 856 1989 victa
875 1945 993 2006 sopor:

252 2040 325 2104 Neu
344 2041 519 2124 quisquam
538 2041 646 2104 multo
665 2061 862 2122 percussum
881 2046 1034 2122 tempora
1051 2041 1182 2103 Baccho

297 2156 433 2233 Excitet
455 2157 573 2220 infelix
592 2155 671 2219 dum
691 2156 870 2237 requiescit
889 2175 993 2220 amor.

252 2272 337 2336 Nam
355 2273 466 2354 posita
485 2275 535 2336 est
554 2276 677 2336 nostrae
698 2271 849 2335 custodia
869 2291 955 2334 saeva
972 2273 1104 2353 puellae,

297 2387 471 2451 Clauditur
490 2392 523 2450 et
543 2387 625 2450 dura
644 2386 747 2450 ianua
767 2385 863 2450 firma
883 2407 964 2451 sera.

251 2493 358 2566 Ian'ua
377 2501 523 2568 difficilis
544 2503 696 2578 domina,
718 2507 751 2564 te
771 2502 922 2565 verberet
939 2503 1054 2578 imber,

297 2619 343 2682 Te
360 2619 450 2683 Iovis
469 2620 612 2701 imperio
632 2619 777 2682 fulmine
797 2619 901 2682 missa
918 2623 1045 2700 petent.

251 2735 365 2812 Ianua,
386 2735 455 2798 iam
473 2739 589 2817 pateas
607 2737 668 2798 uni
687 2736 781 2812 mihi,
803 2737 891 2801 victa
911 2737 1064 2819 querelis,

296 2850 369 2914 Neu
388 2852 506 2916 furtim
525 2872 620 2916 verso
641 2852 775 2916 cardine
796 2860 910 2934 aperta
930 2873 1039 2922 sones.

251 2965 295 3028 Et
313 2967 402 3030 mala
421 2967 450 3030 si
469 2988 535 3049 qua
553 2968 615 3031 tibi
635 2966 716 3031 dixit
735 2967 905 3031 dementia
923 2974 1046 3043 nostra,

296 3081 475 3162 Ignoscas:
495 3083 598 3164 capiti
618 3083 687 3146 sint
704 3103 823 3165 precor
841 3083 901 3147 illa
919 3103 1005 3146 meo.

252 3196 296 3259 Te
315 3198 510 3262 meminisse
531 3198 633 3274 decet
656 3219 728 3280 qua
747 3198 894 3279 plurima
913 3218 993 3261 voce
1012 3200 1123 3280 peregi

298 3311 463 3394 Supplice,
485 3334 561 3378 cum
578 3315 668 3396 posti
686 3313 805 3378 florida
825 3319 914 3378 serta
933 3315 1056 3378 darem.

252 3425 300 3490 Tu
320 3448 450 3511 quoque
469 3449 512 3492 ne
532 3429 647 3493 timide
667 3432 833 3506 custodes,
854 3431 959 3507 Delia,
983 3431 1072 3494 falle.

295 3542 495 3607 Audendum
515 3551 584 3608 est:
605 3547 708 3609 fortes
728 3547 864 3610 adiuvat
882 3547 957 3628 ipsa
975 3548 1098 3611 Venus.

250 3657 314 3720 Illa
334 3660 430 3734 favet,
451 3679 512 3723 seu
531 3661 605 3741 quis
624 3660 756 3726 iuvenis
776 3681 865 3726 nova
882 3663 1004 3726 limina
1023 3666 1173 3743 temptat.

297 3771 363 3837 Seu
382 3779 508 3870 reserat
525 3774 589 3840 fixo
610 3775 709 3840 dente
728 3778 844 3858 puella
862 3779 971 3853 fores3

250 3888 314 3952 Illa
334 3889 430 3954 docet
448 3891 543 3954 molli
565 3893 680 3956 furtim
699 3893 857 3974 derepere
877 3893 974 3969 lecto,

295 4003 359 4067 Illa
377 4005 495 4086 pedem
516 4006 611 4070 nullo
631 4026 759 4088 ponere
777 4028 877 4089 posse
899 4028 1001 4083 sono;

250 4118 314 4182 Illa
332 4120 403 4184 viro
423 4139 535 4184 coram
554 4127 658 4186 nutus
679 4124 830 4186 conferre
851 4124 1008 4205 loquaces

294 4234 489 4318 Blandaque
508 4238 704 4318 compositis
724 4238 844 4301 abdere
865 4239 965 4302 verba
984 4239 1084 4302 notis.
