3268 4896
310 434 361 488 ¹92
739 455 782 499 sn
797 455 820 500 1.
837 455 864 513 3,
883 453 1008 501 63—72.

309 651 436 714 seges».
465 669 510 676 —
538 650 642 718 aegea,
680 631 721 696 de
767 632 942 696 fruticibus
992 632 1149 706 odoratis,
1188 636 1226 695 ut
1262 633 1330 695 infr
1383 633 1439 696 IV.

310 749 341 818 l,
380 737 439 812 18':
468 745 603 812 «Cultor
631 749 776 813 odoratae
807 748 900 812 dives
931 748 1037 811 Arabs
1068 749 1221 829 segetis».
1251 785 1296 792 —-
1324 747 1441 814 Floret

310 860 463 928 odoratis
493 867 586 928 terra
617 862 764 948 beccique
793 862 894 942 rosis,
913 869 952 926 ut
974 865 1070 944 Prop.
1090 863 1144 926 IV.
1177 865 1206 938 7,
1240 865 1301 928 60:
1335 863 1440 928 «Mul-

308 982 360 1042 cet
388 979 445 1042 ubi
472 979 604 1060 Elysias
632 983 723 1041 terra
750 979 896 1061 benigna
928 998 1054 1043 rosas».
1084 1015 1128 1022 —
1156 980 1250 1043 terro
1280 965 1441 1065 benigna,

309 1093 437 1156 fertilis.

353 1206 390 1270 V.
413 1208 554 1271 63-66.
583 1207 710 1290 proella
740 1206 858 1272 miscet
888 1205 1007 1282 Amor,
1038 1212 1077 1271 ut
1107 1228 1207 1288 supra
1238 1208 1262 1271 Ι.
1297 1210 1346 1284 10,
1377 1211 1440 1274 53;

313 1320 397 1385 «Sed
412 1321 553 1384 Veneris
573 1326 653 1385 tunc
672 1323 762 1386 bella
782 1323 923 1386 calent».
936 1324 1191 1407 —cuieamque
1209 1342 1327 1406 repara
1345 1343 1440 1389 mors

309 1438 399 1502 venit
428 1439 573 1517 asiscati,
603 1441 642 1501 ol
664 1425 759 1520 Verg.
780 1439 862 1502 Aen.
884 1439 938 1502 VI.
960 1440 1147 1502 ela—444.
1179 1439 1220 1502 de
1249 1440 1439 1503 amantibus

309 1553 344 1616 in
365 1551 468 1617 Orco:
493 1555 576 1617 «Hic
595 1575 678 1636 quos
711 1554 814 1617 durus
842 1575 937 1617 amor
964 1555 1092 1617 crudeli
1119 1555 1195 1617 tabe
1223 1555 1361 1636 peredit,
1384 1553 1440 1620 Se·

308 1669 389 1730 oreti
418 1670 528 1732 celant
556 1670 659 1733 colles
688 1673 721 1732 et
749 1673 878 1750 myrtea
907 1671 1033 1733 circum
1061 1668 1152 1734 Silva
1182 1672 1296 1751 tegit».
1318 1707 1363 1714 -
1381 1669 1438 1734 in-

308 1783 426 1867 sipai.
450 1835 455 1846 .
480 1836 486 1847 .
509 1803 616 1858 coma,
649 1786 727 1866 quia
755 1786 854 1847 sertis
883 1787 1003 1848 ornata
1032 1789 1090 1848 est
1112 1822 1157 1828 —
1175 1789 1309 1869 scyrico
1337 1789 1438 1861 serta

309 1900 388 1980 quia
417 1904 546 1980 myrtus
575 1901 698 1964 Veneri
726 1921 819 1964 sacra
852 1905 920 1992 est;
946 1903 985 1965 cf.
1016 1902 1110 1982 Verg.
1138 1902 1207 1965 Ecl.
1234 1903 1264 1978 7,
1285 1903 1440 1966 (ll—cc:

313 2003 479 2097 «Populus
499 2016 622 2079 Alcidae
644 2017 845 2096 gratissima,
867 2018 945 2079 vitis
966 2016 1095 2093 Iaccho,
1116 2003 1287 2081 Formosae
1310 2020 1439 2099 myrtus

308 2130 440 2205 Veneri,
463 2151 526 2194 sua
544 2132 662 2194 laurea
677 2132 833 2195 Phoebo».

329 2238 332 2247 '
353 2244 389 2307 V.
413 2247 554 2310 67-72.
576 2246 745 2310 scelerato
766 2297 772 2308 .
853 2243 958 2320 sedeo,
982 2266 1023 2309 sc.
1047 2247 1294 2322 sceleratorum,
1324 2247 1439 2310 Tarta·

308 2382 364 2424 rus
376 2384 385 2436 ;
406 2363 444 2425 cf.
467 2361 524 2426 Ov.
546 2361 624 2425 Met.
645 2362 700 2425 IV.
722 2364 808 2426 456:
833 2360 947 2425 «sedes
971 2363 1132 2425 scelerata
1150 2367 1319 2426 vocatur».
1339 2399 1384 2408 —-
1402 2363 1442 2427 iu

307 2480 402 2541 orecte
428 2475 617 2561 profunda,
645 2481 683 2540 ut
701 2476 797 2557 Verg.
818 2478 900 2540 Aen
921 2476 975 2540 IV.
998 2479 1061 2540 96:
1087 2477 1275 2544 «Pallentes
1303 2477 1440 2541 umbras

308 2593 406 2658 Erebi
438 2599 636 2677 noctemque
667 2593 902 2674 profundam».
923 2629 967 2638 -
996 2611 1103 2677 quam
1134 2593 1263 2656 circam
1292 2593 1442 2678 flumina

309 2710 413 2794 sayra
442 2713 578 2785 sciscat,
608 2711 647 2772 cf.
669 2708 766 2789 Verg.
796 2708 879 2771 Aen.
900 2708 955 2772 Vl.
986 2709 1173 2772 550-551.
1204 2707 1244 2770 de
1273 2709 1441 2773 moenibus

310 2825 458 2890 Tartari:
492 2826 589 2905 «Quae
619 2825 756 2909 rapidus
784 2825 931 2889 flammis
963 2825 1067 2888 ambit
1097 2825 1301 2889 torrentibus
1331 2827 1440 2890 amnis

310 2942 487 3005 Tartareus
506 2932 718 3023 Phlegethon
746 2945 944 3024 torquetque
973 2943 1130 3005 sonantia
1150 2964 1259 3007 saxa».
1280 2979 1324 2988 -
1347 2933 1440 3008 Tisi,-

305 3055 487 3143 pbouequc
506 3058 647 3141 impensa
675 3058 768 3142 seros
783 3074 849 3140 pro
869 3056 1023 3121 cursibus
1052 3063 1182 3141 asrcpues
1203 3055 1307 3123 Saeuit
1326 3061 1357 3123 et
1377 3057 1442 3122 bue

309 3171 393 3237 illuc
411 3171 521 3255 impio
541 3171 643 3236 turba
661 3171 764 3256 sugit,
782 3165 965 3254 Tisiphone
994 3172 1082 3234 furia
1109 3173 1208 3254 punit
1227 3173 1385 3236 scelestos
1404 3173 1442 3234 in

308 3287 447 3352 Tartaro
468 3288 569 3350 etiam
588 3286 685 3367 Verg.
706 3288 787 3351 Aen.
808 3287 862 3351 VI.
885 3290 1082 3352 570—572:
1108 3287 1295 3353 «Continuo
1326 3294 1440 3352 sontes

309 3403 411 3465 ultrix
430 3420 570 3464 accensa
588 3400 723 3482 flagello
742 3403 926 3483 Tisiphone
946 3407 1053 3484 quatit
1072 3403 1242 3466 insultans
1262 3409 1441 3484 torvosque

311 3520 448 3582 sinistra
466 3519 644 3582 Intentans
665 3538 790 3599 angues
811 3523 908 3582 vocat
928 3519 1064 3598 agmina
1084 3539 1170 3582 saeva
1190 3516 1376 3582 sororum».
1397 3555 1442 3562 -

310 3635 450 3716 impensu
479 3632 571 3718 feros
595 3650 662 3716 pro
692 3631 845 3695 crinibus
874 3651 1017 3718 capace,
1039 3653 1111 3714 quae
1135 3653 1195 3714 pro
1216 3635 1362 3698 crinibus
1382 3654 1441 3697 an-

310 3767 391 3828 gues
411 3750 447 3810 in
467 3751 576 3831 capite
597 3749 708 3818 habet,
732 3769 803 3830 quae
823 3731 893 3812 non
913 3748 1071 3822 crinibus,
1093 3748 1151 3811 sed
1170 3750 1336 3829 anguibus
1364 3751 1440 3812 hor·

312 3867 379 3938 ret;
409 3866 448 3927 cf.
469 3863 564 3945 Verg.
593 3865 675 3928 Aen.
696 3860 750 3927 VI.
781 3865 855 3926 419.
887 3863 927 3950 de
956 3853 1119 3927 Cerbero:
1145 3856 1297 3926 «horrere
1324 3864 1441 3926 videns

312 3979 379 4042 iam
406 3981 493 4042 oolla
522 3980 700 4055 colubris»;
730 3979 787 4043 Ov.
818 3979 896 4042 Met.
927 3980 965 4043 X.
989 3983 1072 4044 349:
1095 3981 1179 4044 «Nec
1206 3987 1338 4045 metuas
1369 3986 1440 4045 atro

312 4094 449 4157 crinitae
469 4114 577 4173 angue
597 4113 746 4156 sorores»
771 4099 804 4156 et
823 4093 901 4157 Met.
922 4094 976 4158 IV.
998 4097 1083 4159 454:
1109 4094 1241 4177 «Deque
1262 4096 1331 4158 suis
1352 4100 1441 4158 atros

311 4208 489 4289 pectebant
513 4209 660 4272 crinibus
693 4229 838 4292 angues»
863 4230 906 4273 so.
938 4210 1069 4286 Furiae;
1099 4211 1196 4293 Prop.
1227 4209 1286 4274 HL
1317 4212 1347 4284 5,
1377 4212 1440 4273 40:
