3306 4896
317 443 353 496 28
846 464 868 506 1,
887 461 913 508 5,
1013 523 1015 530 y

407 640 451 702 At
470 639 565 702 dolor
582 639 619 701 in
637 639 793 701 lacrimas
812 642 957 702 verterat
976 659 1076 702 omne
1095 659 1235 702 merum.

364 753 457 837 Saepe
477 755 578 818 aliam
597 754 699 830 tenui,
723 753 789 830 sed,
811 773 887 816 oum
906 754 974 815 iam
994 753 1115 836 gaudia
1134 753 1269 828 adirem,

274 899 306 937 ιο
408 869 591 933 Admonuit
609 868 754 931 dominae
774 868 986 948 deseruitque
1005 867 1129 931 Venus.

363 985 455 1050 Tunc
474 1005 528 1048 me
547 984 722 1048 discedens
741 985 899 1048 devotum
920 983 1047 1046 femina
1066 983 1148 1046 dixit
1166 1021 1210 1026 —-

406 1101 434 1164 A
451 1099 556 1182 pudet
573 1137 619 1143 -
639 1104 671 1163 et
690 1103 803 1162 narrat
823 1099 906 1162 scire
925 1097 1072 1160 nefanda
1090 1119 1209 1163 meam.

361 1217 437 1280 Non
457 1217 618 1279 fecithoc
637 1213 755 1288 verbis,
777 1215 861 1277 facie
881 1214 1073 1295 tenerisque
1092 1207 1225 1276 lacertis

406 1332 556 1395 Devovet
576 1335 608 1394 et
627 1330 723 1394 flavis
743 1335 859 1394 nostra
878 1330 992 1412 puella
1010 1332 1124 1394 comis.

273 1477 303 1514 rs
363 1445 452 1510 Talis
473 1447 515 1510 ad
533 1444 750 1509 Haemonium
769 1445 884 1509 Nereis
904 1445 1003 1507 Pelea
1023 1445 1190 1526 quondam

405 1561 508 1626 Vecta
527 1565 578 1625 est
596 1564 726 1625 frenato
747 1561 867 1624 oaerula
885 1562 976 1642 pisce
997 1560 1119 1624 Thetis.

360 1676 441 1741 Haeo
460 1695 604 1741 nocuere
623 1677 718 1752 mihi,
739 1674 828 1757 quod
847 1675 941 1739 adest
959 1676 1038 1738 huic
1058 1676 1150 1739 dives
1170 1680 1305 1754 amator,

405 1793 506 1856 Venit
525 1794 562 1855 in
582 1793 717 1855 exitium
740 1791 860 1854 callida
879 1793 957 1854 lena
974 1812 1097 1855 meum.

361 1909 570 1992 Sanguineas
590 1908 666 1970 edat
684 1907 747 1970 illa
763 1907 865 1988 dapes
885 1910 984 1988 atque
1004 1927 1059 1970 ore
1079 1912 1218 1970 cruento

271 2053 303 2092 co
406 2025 527 2089 Tristia
546 2044 622 2088 cum
641 2023 749 2086 multo
767 2022 889 2103 pocula
908 2022 986 2085 felle
1005 2022 1115 2085 bibat:

360 2140 457 2204 Hanc
475 2139 617 2203 volitent
636 2139 755 2201 animae
775 2138 898 2200 circum
920 2158 980 2201 sua
1000 2139 1067 2201 lata
1086 2142 1263 2220 querentes

405 2254 543 2336 Semper
563 2259 596 2317 et
616 2274 632 2316 e
653 2254 749 2317 tectis
770 2254 851 2316 strix
868 2254 1018 2317 violenta
1037 2261 1152 2317 canat:

359 2371 437 2452 Ipsa
456 2372 544 2433 fame
563 2370 759 2434 stimulante
778 2369 893 2432 furens
913 2369 1098 2451 herbasque
1119 2371 1280 2451 sepulcris

406 2487 538 2566 Quaerat
556 2489 590 2548 et
609 2506 628 2548 a
648 2477 743 2549 saevis
764 2504 840 2548 ossa
859 2485 976 2548 relicta
993 2486 1091 2567 lupis,

270 2631 302 2669 ee
360 2601 479 2667 Currat
498 2608 531 2665 et
549 2601 744 2684 inguinibus
763 2600 863 2665 nudis
884 2602 1057 2684 ululetque
1075 2623 1136 2684 per
1153 2602 1262 2677 urbes,

406 2719 486 2782 Post
505 2722 581 2800 agat
600 2739 617 2781 e
637 2717 745 2781 triviis
765 2737 882 2799 aspera
900 2717 998 2781 turba
1017 2738 1148 2782 canum.

359 2833 519 2897 Eveniat:
541 2833 597 2896 dat
616 2833 712 2915 signa
732 2833 833 2896 deus:
854 2836 934 2895 sunt
952 2835 1094 2896 numina
1114 2834 1240 2896 amanti

404 2947 504 3012 Saevit
524 2952 557 3011 et
574 2948 703 3010 iniusta
721 2948 794 3029 lege
814 2948 930 3011 relicta
948 2948 1071 3012 Venus.

358 3065 399 3127 At
419 3068 456 3126 tu
476 3064 740 3145 quamprimum
760 3083 846 3144 sagae
865 3065 1030 3144 praecepta
1049 3064 1177 3144 rapacis

269 3209 301 3247 co
402 3179 544 3243 Desere:
565 3199 644 3243 nam
663 3181 762 3245 donis
781 3181 927 3245 vincitur
945 3181 1056 3243 omnis
1076 3200 1177 3243 amor.

359 3295 489 3376 Pauper
508 3295 570 3358 erit
587 3299 709 3376 praesto
730 3316 861 3378 semper
879 3295 949 3372 tibi,
970 3317 1098 3378 pauper
1116 3295 1219 3359 adibit

404 3409 536 3472 Primus
556 3414 588 3473 et
607 3410 643 3472 in
662 3413 777 3474 tenero
797 3409 881 3473 fixus
901 3411 964 3474 erit
983 3412 1105 3487 latere;

358 3525 488 3606 Pauper
506 3525 543 3587 in
563 3529 705 3606 angusto
725 3525 811 3589 fidus
831 3547 943 3590 comes
963 3529 1095 3609 agmine
1116 3528 1220 3590 turbae

405 3638 617 3721 Subicietque
637 3661 758 3704 manus
779 3641 964 3723 efficietque
983 3644 1091 3715 viam;

267 3785 300 3823 oc
358 3756 489 3837 Pauper
507 3757 548 3820 ad
568 3757 715 3821 occultos
734 3758 850 3820 furtim
869 3758 1010 3821 deducet
1029 3759 1153 3821 amicos

402 3871 586 3953 Vinclaque
606 3871 646 3934 dc
665 3873 765 3934 niveo
785 3871 937 3934 detrahet
956 3874 1028 3954 ipse
1047 3873 1140 3953 pede.

357 3985 433 4048 Heu
453 3987 604 4049 canimus
624 3989 747 4050 frustra
765 4007 827 4049 nec
846 3988 956 4051 verbis
975 3989 1063 4050 victa
1080 3989 1220 4069 patescit

401 4100 516 4176 Ianua,
538 4100 596 4163 sed
614 4102 715 4183 plena
734 4106 785 4165 est
803 4103 1020 4184 percutienda
1038 4124 1149 4167 manu.

359 4214 401 4278 At
420 4219 466 4290 tu,
488 4217 546 4296 qui
563 4217 675 4297 potior
693 4237 784 4280 nunc
805 4237 848 4293 es,
870 4239 946 4282 mea
964 4221 1032 4281 fata
1051 4221 1186 4284 timeto:
