3306 4896
336 437 371 490 52
838 460 874 503 11.
892 457 918 503 a
936 457 962 503 e.

425 634 593 717 Quidquid
613 640 646 698 et
665 637 842 699 herbarum
862 635 1021 699 Thessala
1039 638 1128 698 terro
1147 635 1241 716 gerit,

378 750 421 812 Et
440 749 537 830 quod,
559 749 617 811 ubi
636 747 810 813 indomitis
830 747 985 830 gregibus
1004 747 1118 813 Venus
1138 747 1240 812 adflat
1259 769 1402 825 amores,

423 863 656 946 Hippomanes
676 864 803 948 eupidee
822 865 929 928 stillat
948 863 988 926 ab
1007 863 1146 946 inguine
1167 885 1270 946 equae,

381 979 415 1043 Si
435 979 536 1043 modo
556 1000 610 1043 me
628 979 760 1062 plaoido
779 980 891 1044 videat
909 980 1061 1043 Nemesis
1080 999 1156 1042 mea
1173 979 1278 1056 vultu,

297 1126 326 1164 eo
423 1093 517 1158 Mille
538 1095 621 1158 aiios
641 1095 761 1158 herbas
780 1096 919 1159 misceat
938 1096 1005 1171 illa,
1028 1094 1151 1158 bibam.

875 1416 916 1479 IL

382 1557 499 1622 Castra
518 1556 629 1620 Maoer
648 1557 817 1639 sequitur:
838 1561 954 1620 tenero
975 1557 1055 1639 quid
1073 1555 1131 1620 fiet
1147 1557 1289 1621 Amori?
1377 1554 1419 1606 11.
1439 1555 1465 1607 6.

428 1673 479 1737 Sit
497 1693 610 1737 eomes
629 1678 662 1736 et
682 1673 767 1736 eollo
787 1675 919 1736 fortiter
938 1694 1031 1736 arma
1053 1677 1171 1755 gerat?

381 1790 425 1852 Et
444 1810 502 1853 seu
522 1790 624 1870 longa
641 1790 750 1851 virum
770 1792 865 1852 terrae
887 1789 941 1852 via
961 1809 1020 1852 seu
1039 1810 1123 1870 vaga
1142 1789 1264 1854 ducent

426 1903 587 1985 Aequora,
609 1924 685 1967 eum
704 1904 781 1968 telis
801 1905 842 1968 ad
861 1905 952 1968 latus
971 1904 1019 1967 ire
1039 1905 1154 1967 volet?

313 2050 326 2085 e
383 2021 458 2097 Ure,
479 2039 570 2101 puer,
593 2040 713 2101 quaeso,
734 2022 794 2082 tue
813 2020 871 2100 qui
891 2020 981 2083 ferus
1001 2020 1069 2083 otia
1088 2019 1195 2100 liquit,

426 2137 533 2218 Atque
552 2138 675 2199 iterum
695 2156 848 2199 erronem
870 2136 931 2199 sub
952 2139 1010 2200 tua
1030 2137 1126 2218 signo
1144 2156 1236 2200 vooa.

383 2251 479 2332 Quod
499 2253 527 2315 si
546 2251 709 2314 militibus
728 2271 853 2334 patoes,
875 2252 939 2314 erit
957 2251 1012 2315 hio
1031 2272 1163 2334 quoque
1182 2251 1289 2326 miles,

425 2369 502 2450 Ipse
522 2369 630 2430 levem
649 2368 745 2449 galea
763 2368 820 2449 qui
840 2366 904 2429 sibi
923 2369 1036 2448 portet
1055 2386 1186 2446 aquam.

382 2483 499 2548 Castra
519 2486 606 2564 peto,
628 2484 802 2564 valeatque
822 2481 935 2546 Venus
955 2482 1154 2562 valeantque
1174 2481 1316 2562 puellae:

299 2628 327 2663 ιο
426 2601 469 2663 Et
487 2599 573 2662 mihi
593 2602 671 2663 sunt
689 2600 786 2675 vires,
809 2603 842 2662 et
860 2600 945 2663 mihi
965 2600 1053 2661 faeta
1072 2597 1153 2661 tuba
1173 2600 1231 2661 ost.

254 2750 255 2755 κ
380 2714 506 2796 Magne
522 2716 649 2796 loquor,
673 2713 730 2778 sed
749 2713 925 2796 magnifiee
947 2714 1032 2777 mihi
1052 2733 1175 2795 magna
1193 2713 1306 2775 loeuto

426 2831 610 2894 Excutiunt
629 2831 749 2892 olausee
770 2830 870 2893 fortia
889 2830 990 2893 verba
1010 2831 1107 2893 fores.

392 2946 503 3009 Iurevi
523 2946 677 3026 quotiens
696 2946 881 3008 rediturum
901 2945 942 3007 ad
959 2945 1079 3007 limina
1097 2943 1299 3025 numquam!

429 3062 512 3126 Cum
532 3062 616 3125 bene
636 3063 753 3137 iuravi,
775 3083 833 3144 pes
853 3065 967 3124 tamen
987 3063 1060 3142 ipse
1080 3061 1175 3124 redit.

298 3205 327 3242 15
383 3180 467 3242 Acer
484 3178 595 3254 Amor,
617 3179 740 3241 fractas
759 3178 890 3240 utinam
909 3181 969 3239 tua
988 3178 1055 3239 tela
1075 3177 1223 3257 sagittas,

429 3293 464 3358 Si
483 3292 570 3367 lieet,
592 3294 772 3357 exstinctas
793 3293 1019 3374 aspiciamque
1040 3293 1149 3355 feces!

382 3408 431 3471 Tu
450 3409 611 3471 miserum
630 3411 775 3489 torques.
797 3412 834 3470 tu
852 3429 906 3470 me
926 3408 1009 3470 mihi
1030 3409 1103 3471 dire
1122 3407 1250 3488 precari

429 3522 527 3605 Cogis
547 3527 580 3586 et
598 3524 719 3586 insana
738 3530 851 3586 mente
870 3523 1017 3588 nefanda
1036 3523 1138 3604 loqui.

383 3639 455 3702 Iam
475 3640 565 3701 male
584 3637 735 3702 finissem
757 3640 834 3714 leto,
858 3637 916 3701 sed
935 3639 1069 3702 credula
1088 3639 1191 3701 vitam

300 3778 328 3821 ao
429 3753 512 3836 Spes
535 3755 627 3817 fovet
646 3759 679 3817 et
698 3755 769 3817 fore
790 3775 862 3817 oras
883 3775 1016 3835 semper
1035 3756 1082 3817 ait
1100 3754 1231 3816 melius.

386 3868 467 3950 Spes
489 3869 552 3933 alit
571 3870 742 3950 agricolas,
766 3868 851 3951 Spes
872 3869 972 3932 sulcis
994 3868 1098 3931 eredit
1117 3868 1218 3931 aratis

386 4055 388 4061 y
430 3983 574 4060 Semina,
597 4004 669 4065 quae
688 4004 811 4066 magno
832 3985 947 4047 fenore
968 3961 1085 4048 reddat
1104 4003 1201 4065 ager:

384 4098 464 4161 Haee
483 4101 603 4182 laqueo
622 4101 784 4174 volueres,
807 4102 876 4163 haee
896 4106 1008 4183 captat
1028 4101 1193 4164 arundine
1212 4101 1329 4181 pisces,

434 4213 518 4278 Cum
540 4220 658 4279 tenues
679 4217 797 4279 hamos
817 4215 946 4279 abdidit
966 4220 1043 4279 anto
1064 4216 1176 4280 cibus:
