3268 4896
640 414 682 457 ao
698 414 721 457 1.
739 411 764 470 5,
782 410 908 458 31-36.
1290 387 1339 442 147

216 592 355 655 15-16.
372 627 416 633 —
434 591 554 674 sopato,
572 590 692 653 ultima
711 589 840 670 syllaba
857 587 1020 670 producta
1039 590 1090 650 est
1107 591 1244 668 propter
1262 606 1340 650 oon·

214 708 372 769 sonantes
401 707 579 787 sequentes
599 703 752 788 (spicas),
771 706 809 767 ut
836 704 861 767 L
884 706 914 781 6,
936 705 997 769 34:
1021 701 1188 777 «Servare,
1218 703 1342 765 frustra

213 821 315 886 clavis
334 821 424 883 inest
452 819 611 882 foribus».
632 836 758 902 —pro
785 837 887 904 prope
914 819 1004 906 fama
1032 818 1166 902 dapem,
1186 819 1227 882 cf.
1247 818 1339 882 Paul

213 936 302 1000 Fest
334 955 358 999 s.
388 953 418 998 v.
448 935 491 1015 (p.
516 935 569 998 48.
601 933 650 998 ed
682 933 899 1014 Thewrewk):
924 935 1033 1018 «Daps
1064 933 1154 1016 apud
1185 933 1341 1015 antiquos

213 1050 385 1114 dicebatur
415 1071 468 1114 res
499 1049 622 1124 divine,
644 1070 716 1131 quae
735 1048 835 1113 fiebat
866 1053 924 1114 aut
953 1050 1095 1114 hiberna
1122 1047 1265 1112 sementi
1285 1050 1342 1110 aut

213 1186 347 1231 verna».
369 1164 500 1247 Dapem
519 1184 657 1228 vernam
684 1164 755 1227 Iovi
775 1164 986 1246 Dapalipro
1014 1164 1123 1228 bubus
1153 1162 1340 1226 faciendam

214 1281 371 1345 describit
390 1279 459 1344 (lat.
479 1279 529 1343 De
549 1299 615 1359 agr.
641 1281 722 1343 131:
741 1279 834 1343 «Piro
853 1278 994 1344 florente
1014 1280 1133 1362 dapem
1153 1299 1214 1362 pro
1233 1278 1342 1342 bubus

215 1397 324 1459 facito.
355 1394 475 1458 Postea
493 1414 598 1458 verno
627 1415 721 1458 arare
749 1397 907 1478 incipito»
923 1447 927 1455 .
943 1400 975 1460 et
998 1399 1079 1461 132:
1103 1396 1250 1478 «Dapem
1278 1396 1342 1458 hoo

213 1513 314 1586 modo
334 1510 406 1575 fieri
428 1514 577 1593 oportet:
596 1510 669 1574 Iovi
687 1510 809 1595 Dapali
833 1513 1003 1593 culignam
1022 1512 1093 1576 vini
1112 1513 1273 1593 quantam
1291 1511 1342 1574 vis

212 1627 415 1710 polluceto»;
445 1624 522 1689 ibid.
553 1627 606 1701 50,
638 1629 676 1690 9:
701 1627 784 1692 «Ubi
813 1627 894 1710 daps
925 1629 1102 1710 profanata
1129 1631 1342 1709 comeataque

215 1744 286 1817 erit,
306 1762 409 1806 verno
430 1761 524 1804 arare
542 1741 715 1823 incipito».
736 1780 780 1786 —
799 1745 949 1821 monotes,
969 1747 1074 1806 totam
1104 1742 1278 1806 familiam.
1298 1779 1341 1785 —

214 1855 260 1922 At
287 1857 378 1922 iuvat
413 1857 450 1921 in
481 1858 551 1923 tota
580 1876 632 1922 aaa
661 1855 751 1921 nibil
779 1877 852 1923 esse
881 1857 993 1935 domo,
1023 1859 1064 1922 ad
1091 1860 1181 1922 hunc
1205 1877 1342 1924 uersum

214 1971 334 2036 alludit
352 1969 497 2035 Martial.
519 1970 603 2035 XIV.
629 1973 710 2036 192:
729 1972 841 2036 «Ussit
853 1978 1036 2037 amatorem
1048 1951 1199 2038 Nemesis
1218 1973 1342 2036 lasciva

214 2089 392 2164 Tibullum,
414 2089 455 2150 In
474 2091 545 2150 tota
564 2089 649 2151 iuvit
668 2109 766 2170 quern
785 2089 874 2151 nihil
894 2109 966 2152 esse
985 2089 1117 2152 domos.

258 2205 296 2269 V.
319 2206 459 2269 31--36,
475 2203 646 2282 detrabat,
665 2205 828 2287 decerpat.
841 2241 885 2248 -
896 2207 998 2282 curet,
1013 2205 1164 2274 absolute
1176 2204 1343 2286 positum:

215 2324 309 2384 curet
339 2323 462 2397 omnia,
499 2343 571 2404 quae
607 2321 649 2384 ad
682 2321 852 2402 hospitem
887 2320 1121 2401 excipiendum
1155 2321 1343 2384 necessaria
1467 2320 1469 2324 ’

216 2440 314 2512 sunt;
344 2438 383 2500 of.
414 2437 485 2500 Ter.
507 2436 607 2500 Andr.
633 2436 827 2500 luo—171:
853 2432 929 2500 «sat
958 2439 1027 2498 est:
1056 2435 1199 2499 curabo:
1228 2455 1343 2504 eamus

213 2553 375 2616 nunciam
399 2553 507 2615 intro»
514 2575 522 2627 ;
553 2548 687 2615 Sallust.
710 2550 805 2615 Catil.
828 2553 890 2615 59:
916 2549 1103 2629 «(Catilina)
1122 2549 1288 2615 Manlium
1308 2550 1344 2613 in

214 2670 338 2743 dextra,
377 2667 594 2730 Faesulanum
636 2667 803 2749 quendam
841 2667 877 2729 in
915 2667 1053 2729 sinistra
1092 2669 1186 2749 parte
1228 2687 1342 2730 curare

214 2785 339 2849 iubet».
360 2821 404 2827 —
429 2782 523 2848 Tunc
547 2786 647 2868 paret
667 2787 770 2867 atqua
799 2785 917 2867 apulos
945 2782 1024 2865 ipso
1054 2782 1218 2847 miraistro
1234 2785 1342 2867 perot,

213 2901 235 2964 i,
257 2922 283 2964 c.
305 2903 400 2985 paret
420 2900 536 2980 epulas
557 2918 677 2980 easque
697 2899 772 2981 ipsa
783 2903 896 2980 gerat3
917 2900 1165 2976 substantivum
1181 2900 1343 2963 ambobus

213 3016 326 3079 verbis
360 3035 538 3078 commune
567 3016 604 3076 in
632 3014 778 3078 secundo
812 3013 968 3078 membro
998 3016 1155 3098 positum,
1187 3018 1225 3077 ut
1255 3015 1279 3078 Ι.
1301 3018 1343 3091 d,

218 3132 370 3196 39--40:
395 3131 442 3193 «is
472 3131 636 3210 sanguine
664 3134 790 3202 natam,
811 3129 845 3192 Is
864 3129 1029 3193 Venerem
1049 3150 1066 3191 e
1085 3128 1201 3192 rabido
1222 3129 1344 3194 sentiet

216 3267 289 3312 esse
308 3247 412 3309 mari»
438 3249 471 3308 et
488 3246 513 3309 1.
536 3247 565 3322 6,
587 3246 740 3311 81-8a:
765 3244 880 3307 «Hanc
904 3247 1016 3308 animo
1045 3243 1210 3324 gaudente
1229 3243 1344 3307 vident

213 3364 442 3443 iuvenumque
470 3365 608 3425 catervae
629 3360 901 3424 Commemorant
920 3361 1040 3428 merito
1068 3364 1119 3422 tot
1141 3358 1231 3421 mala
1258 3360 1343 3421 ferre

216 3497 350 3541 senem»
376 3481 409 3540 et
428 3476 453 3539 Ι.
476 3478 505 3548 l,
527 3476 679 3538 93-94:
705 3475 817 3540 «Stare
845 3494 907 3538 nec
927 3478 1004 3537 ante
1034 3475 1121 3539 fores
1152 3472 1272 3555 puduit
1291 3491 1342 3537 ca·

217 3613 302 3656 raeve
320 3593 441 3674 puellae
460 3591 627 3654 Ancillam
647 3592 757 3654 medio
778 3591 962 3655 detinuisse
982 3592 1086 3653 foro».
1107 3626 1151 3632 —
1170 3589 1342 3668 ministra,

214 3711 388 3790 tamquam
408 3707 583 3781 ministra;
604 3707 643 3769 cf.
666 3707 740 3771 adn.
763 3707 848 3770 adl.
874 3709 901 3782 1,
922 3708 961 3769 8:
987 3704 1192 3768 uRustious».
1205 3741 1250 3746 —
1268 3722 1344 3788 qum

217 3843 310 3889 auiae
329 3825 506 3907 curasque*
520 3824 690 3906 azotusque
717 3819 823 3887 [octat
851 3819 1011 3885 odoratos
1030 3822 1111 3884 octa
1133 3835 1198 3901 pec*
1216 3814 1341 3881 Arma-

217 3939 306 4018 ntoa,
325 3938 527 4020 proverbiali
546 3938 717 4002 locutione
737 3936 894 4000 dicuntur
913 3936 1038 4012 omnia,
1059 3955 1130 4017 quae
1151 3934 1192 3997 ad
1210 3934 1342 3998 irritum

215 4055 350 4131 eadunt,
382 4055 492 4123 ventis
524 4054 656 4129 auferri,
689 4057 726 4116 ut
755 4053 901 4115 vidimus
932 4051 968 4113 in
991 4049 1074 4116 adn.
1105 4049 1146 4112 ad
1174 4049 1198 4111 Ι.
1230 4049 1260 4123 4,
1282 4049 1321 4111 ll
1336 4072 1358 4115 :¹

223 4169 381 4234 «Veneris
409 4169 556 4251 perimis
582 4169 692 4232 venti»
725 4171 785 4231 etc.
814 4166 983 4230 Tibullum
1011 4167 1160 4230 imitatur
1188 4163 1291 4246 Lygd.
1313 4167 1343 4240 6,

1187 4287 1236 4340 10*
