3306 4896
780 1533 806 1598 I.

279 1670 377 1735 Ibitis
396 1669 532 1752 Aegaeas
552 1671 624 1733 sine
644 1688 707 1746 me,
727 1668 896 1744 Messalla,
918 1690 978 1750 per
997 1670 1114 1738 undas.
1351 1671 1373 1723 I·
1388 1671 1414 1724 3.

325 1787 352 1852 0
371 1790 504 1853 utinam
522 1805 687 1850 memores
706 1786 779 1867 ipse
799 1787 984 1868 cohorsque
1004 1786 1090 1856 mei:

278 1902 334 1966 Me
354 1907 446 1966 tenet
465 1903 589 1984 ignotis
608 1921 733 1982 aegrum
752 1900 904 1963 Phausia
923 1900 1040 1964 terris:

325 2017 503 2082 Abstineas
522 2016 637 2080 avidas
655 2013 748 2078 Mors
767 2014 867 2078 modo
888 2015 983 2096 nigra
1003 2034 1133 2078 manue.

281 2134 467 2210 Abstineas,
487 2131 580 2196 Mors
600 2137 680 2208 atra,
702 2152 837 2213 precor:
857 2152 926 2195 non
947 2132 1000 2194 hie
1019 2113 1107 2195 mihi
1123 2136 1238 2207 mater,
1398 2163 1411 2200 5

328 2249 407 2328 Quae
426 2249 516 2330 legat
534 2248 571 2311 in
591 2253 725 2312 maestos
746 2268 822 2312 ossa
840 2252 977 2329 perusta
996 2248 1098 2314 sinus.

280 2365 356 2429 Non
377 2384 479 2440 soror,
500 2364 653 2446 Assyrios
672 2365 776 2427 cineri
796 2383 868 2445 quae
888 2363 1004 2426 reddat
1024 2365 1141 2428 odores

323 2478 366 2543 Et
384 2477 463 2543 fleat
481 2478 594 2542 effusis
614 2481 691 2542 ante
713 2478 866 2560 sepulcra
885 2479 998 2553 comis,

280 2594 379 2658 Delia
398 2613 467 2658 non
486 2613 638 2676 usquam,
660 2613 731 2676 quae
751 2613 804 2658 me
825 2613 900 2656 eum
919 2593 1067 2656 mitteret
1087 2593 1178 2670 urbe,

322 2708 452 2772 Dicitur
470 2713 548 2774 ante
569 2728 686 2771 omnes
706 2708 914 2772 eonsuluisse
934 2707 1023 2772 deos.

277 2823 342 2886 Illa
362 2843 472 2886 saurus
492 2823 584 2904 pueri
607 2827 712 2887 sortes
732 2829 783 2886 ter
801 2824 947 2899 sustulit,
968 2818 1018 2885 1111

322 2937 464 3001 Rettulit
483 2958 500 3000 6
520 2937 626 3002 triviis
646 2938 762 3001 omnia
781 2942 870 3001 66116
889 2959 979 3020 puer.

278 3053 406 3119 Cuncta
424 3055 548 3119 dabant
568 3055 713 3119 reditus:
737 3059 852 3118 tamen
873 3059 923 3119 est
942 3055 1098 3119 deterrita
1117 3074 1310 3136 numquam,

323 3170 411 3248 Quin
430 3169 526 3232 fleret
544 3172 676 3233 nostras
695 3169 937 3252 despueretque
955 3171 1036 3234 vias.

278 3284 353 3366 Ipse
373 3305 433 3366 ego
454 3286 587 3361 solator,
609 3305 685 3350 eum
704 3286 772 3349 iam
792 3286 951 3350 mandata
970 3286 1145 3361 dedissem,
1382 3320 1408 3354 15

324 3400 518 3480 Quaerebam
537 3402 649 3464 tardas
669 3402 787 3465 anxius
805 3421 910 3483 usqua
929 3421 1051 3466 moras.

277 3515 344 3579 Aut
363 3536 423 3598 ego
443 3537 517 3581 sum
537 3521 694 3581 causatus
714 3538 799 3593 aves,
821 3517 902 3581 dant
922 3521 1037 3581 omina
1056 3517 1137 3593 dira,

323 3629 497 3696 Saturniae
518 3653 647 3696 sacram
666 3653 719 3696 me
739 3634 887 3696 tenuisse
909 3633 1006 3696 diem.

277 3742 305 3808 O
325 3747 479 3827 quotiens
499 3747 669 3828 ingressus
689 3749 752 3810 iter
771 3749 857 3811 mihi
875 3750 985 3812 tristia
1004 3749 1071 3812 dixi

324 3857 497 3924 Offensum
515 3863 551 3925 in
570 3867 667 3944 porta
686 3863 781 3944 signa
800 3862 931 3927 dedisse
950 3864 1086 3944 pedem!

275 3974 406 4039 Audeat
424 3978 532 4040 invito
550 3999 593 4041 ne
614 3979 687 4061 quis
707 3979 875 4044 discedere
894 3980 1024 4056 Amore,

321 4092 386 4156 Aur
406 4095 488 4158 sciet
507 4114 677 4175 egressum
696 4116 731 4160 se
751 4097 950 4178 prohibente
969 4095 1041 4159 deo.

278 4206 366 4285 Quid
386 4210 446 4273 tua
463 4229 553 4272 nune
571 4208 634 4274 Isis
653 4211 747 4286 mihi,
768 4211 874 4287 Delia,
896 4211 976 4293 quid
994 4211 1078 4272 mihi
1098 4216 1239 4293 prosrmt
