3306 4896
692 449 733 493 lV.
753 448 796 493 11.
815 447 858 493 12.
876 448 902 494 7.

765 713 819 777 IV.

215 837 217 840 ⁵
275 853 379 920 Estne
398 854 469 930 tibi,
491 852 658 931 Cerintho
680 856 746 918 tuae
764 857 822 938 pis
841 875 920 919 oure
940 857 1070 939 puellae‚
1204 830 1207 835 Ι
1254 853 1304 908 IV·
1321 855 1363 908 ¹¹·

321 969 417 1049 Quod
435 991 511 1034 mes
529 989 620 1033 nuno
638 975 736 1034 vexet
756 991 898 1054 corporo
916 972 1006 1035 fesso
1025 973 1142 1036 111011

274 1087 302 1150 A
322 1108 382 1170 ego
401 1107 473 1150 non
492 1087 590 1150 aliter
608 1086 724 1150 tristes
745 1087 897 1150 evincere
918 1087 1054 1152 morbos

320 1200 481 1284 Ορ1111111,
503 1221 603 1285 quem
623 1203 703 1291 tesi
725 1223 857 1286 quoque
877 1203 964 1268 velle
984 1207 1111 1286 putem.

274 1317 317 1381 At
335 1318 420 1381 mihi
439 1317 519 1401 quid
537 1317 645 1400 prosit
663 1318 800 1384 morbos
821 1318 984 1394 evincere,
1005 1319 1034 1382 si
1053 1323 1090 1381 tu

319 1433 441 1497 Nostro
458 1437 554 1516 potes
573 1434 666 1496 lento
686 1436 820 1515 pectore
841 1435 927 1497 terre
946 1435 1063 1497 mels?

769 1752 807 1816 V.

274 1893 322 1958 Ne
340 1895 403 1958 tibi
423 1895 495 1971 sim,
518 1914 594 1958 mes
612 1896 677 1968 lux,
698 1905 794 1976 aeque'
811 1894 880 1957 11111
900 1893 1028 1958 fervido
1047 1913 1135 1970 curs,
1253 1891 1303 1945 IV·
1318 1894 1360 1946 11.

317 2011 363 2073 Ao
382 2010 498 2075 videor
516 2031 642 2094 paucos
661 2015 738 2073 11111
760 2011 865 2073 fuisse
886 2010 966 2086 dies,

274 2124 310 2190 Si
329 2128 506 2210 quicquum
525 2131 596 2190 tota
616 2126 769 2189 commisi
790 2125 893 2189 stulta
913 2126 1058 2201 iuventa,
1122 2174 1124 2182 .

318 2241 420 2307 Cuius
439 2229 497 2306 me
513 2244 619 2306 111111
637 2242 834 2325 poenituisse
853 2241 970 2322 magis,

272 2357 440 2421 Hesterna
459 2377 558 2442 quem
578 2359 610 2418 te
630 2356 740 2419 solum
761 2355 849 2438 quod
868 2358 967 2418 noete
988 2356 1118 2438 reliqui,
1135 2367 1137 2370 ’
1218 2381 1220 2385 ·

316 2472 477 2536 Ardorem
497 2473 636 2553 cupiens
657 2470 871 2534 dissimulare
892 2491 1014 2534 meum.

762 2792 815 2856 VI.

272 2934 419 2998 Tandem
438 2935 530 2998 venit
549 2955 652 3011 umor,
674 2935 808 3016 qualem
830 2935 951 2996 texisse
971 2931 1101 3016 pudori,

213 3025 215 3033 Ι
317 3049 424 3128 Quum
443 3050 588 3114 nudasse
608 3049 718 3124 alioui,
742 3049 785 3112 sit
804 3048 899 3125 mihi,
921 3047 1035 3123 Fumo,
1057 3049 1173 3129 magis.

270 3165 415 3229 Exorata
433 3167 518 3232 meis
536 3166 635 3229 illum
655 3164 819 3246 Cytherea
839 3164 996 3228 Camenis

313 3285 436 3348 Attulit
454 3285 492 3348 in
510 3287 664 3347 nostrum
683 3283 905 3365 deposuitque
928 3283 1052 3345 sinum.

269 3398 419 3462 Exsolvit
437 3400 604 3481 promisso
622 3398 755 3462 Venus:
775 3419 852 3461 meo
870 3397 993 3478 gaudis
1013 3399 1137 3470 narret,

314 3513 452 3578 Dicetur
471 3517 499 3579 si
519 3516 593 3596 quis
613 3535 684 3578 non
704 3513 861 3578 habuisse
883 3534 952 3576 sua.

245 3615 247 3617 ¹
269 3630 344 3693 Non
364 3650 424 3713 ego
445 3631 586 3712 signatis
606 3629 784 3710 quiequam
803 3627 964 3690 mandere
984 3625 1127 3700 tabellis,

313 3744 361 3807 Ne
380 3745 470 3826 legat
487 3744 522 3807 id
541 3764 640 3807 nemo
662 3763 763 3824 quum
784 3763 879 3806 meus
900 3746 988 3820 ente,
1009 3743 1120 3817 velim,

270 3856 334 3922 Sed
351 3880 506 3942 peccasse
525 3861 627 3934 iuvat,
648 3861 760 3923 vultus
780 3878 982 3940 componere
1003 3860 1098 3920 famae

313 3975 441 4042 Taedet:
461 3997 538 4039 oum
558 3977 658 4058 digno
678 3975 780 4058 digne
799 3976 902 4039 fuisse
923 3977 1019 4039 ferar.
