3306 4896
297 387 359 472 *10
489 495 493 502 ,
854 445 877 489 1.
894 442 921 490 4.

414 618 560 683 Iurasset
582 620 700 701 cupide
721 619 882 702 quidquid
900 621 1035 701 ineptus
1057 642 1168 686 amor:

284 766 311 802 ee
368 733 494 818 Perque
515 755 591 798 suas
611 735 749 816 impune
770 733 850 798 sinit
870 734 1037 817 Dictynna
1057 737 1194 818 sagittas

412 848 585 958 Adfiffles,
607 851 716 914 erines
734 870 859 932 perque
879 850 1032 914 Minerva
1051 872 1139 916 suos.
1245 899 1247 903 -

354 967 411 1050 ,Aa
431 966 459 1028 si
479 965 592 1028 tardus
614 967 687 1040 eris,
710 967 855 1030 errabis:
876 969 1017 1030 transiet
1036 971 1116 1030 aetas

414 1079 521 1158 Quam
541 1081 627 1144 cito:
647 1102 716 1144 non
736 1083 848 1162 segnis
869 1086 935 1145 stat
954 1087 1146 1165 remeatque
1167 1083 1246 1147 dies.

369 1195 475 1273 Quam
495 1197 560 1258 eito
580 1216 764 1277 purpureos
785 1197 935 1278 deperdit
954 1201 1043 1260 terra
1062 1199 1201 1275 colores,

282 1346 311 1381 ³0
413 1312 519 1390 Quam
539 1313 604 1374 eito
625 1313 788 1376 formosas
807 1313 954 1394 populus
974 1314 1050 1400 alba
1069 1333 1192 1378 eomas.

369 1427 477 1505 Quam
496 1428 592 1504 iaeet,
611 1426 752 1490 infirmae
771 1448 892 1492 venere
912 1429 969 1491 ubi
990 1431 1059 1492 fata
1078 1434 1230 1507 seneetae,

412 1543 475 1621 Qui
493 1544 587 1625 prior
605 1543 687 1607 Eleo
708 1546 758 1606 est
777 1563 906 1608 earcere
926 1546 1050 1610 missus
1069 1566 1183 1627 equus.

366 1658 442 1721 Vidi
461 1659 529 1721 iam
549 1661 714 1734 iuvenem,
734 1664 902 1741 premeret
921 1681 995 1724 eum
1018 1663 1124 1725 serior
1142 1666 1232 1738 aetas,

411 1773 607 1838 Merentem
627 1776 747 1839 stultos
766 1777 967 1857 praeteriisse
987 1777 1068 1841 dies.

281 1925 309 1961 35
367 1890 527 1956 Crudeles
547 1891 631 1954 divi!
655 1911 792 1973 serpens
812 1913 919 1956 novus
940 1895 1029 1956 exuit
1050 1914 1176 1958 annos:

410 2006 540 2070 Formae
560 2027 630 2070 non
649 2007 755 2070 ullam
775 2010 843 2070 fata
862 2007 982 2072 dedere
1001 2030 1139 2073 moram.

367 2119 455 2185 Solis
474 2127 597 2186 aterna
619 2127 668 2185 eet
686 2123 817 2186 Baccho
837 2123 1027 2206 thboque
1047 2126 1201 2190 iuventas
1213 2079 1251 2189 :27

410 2227 494 2301 Nam
514 2238 607 2302 decet
626 2240 783 2303 intonsus
802 2240 904 2302 erinis
923 2244 1102 2324 utrumque
1121 2240 1230 2305 deum.

366 2355 421 2430 Tu,
443 2375 548 2437 puero
569 2356 799 2439 quodcumque
819 2361 876 2419 tuo
896 2359 1060 2437 temptare
1079 2357 1204 2432 libebit,

280 2503 308 2539 la
411 2471 536 2535 Oedas:
557 2472 717 2555 obsequio
736 2473 883 2552 plurima
901 2473 1004 2535 vineit
1025 2492 1127 2537 amor.

366 2587 438 2650 Neu
457 2607 567 2651 eomes
586 2588 635 2650 ire
654 2608 766 2668 neges,
788 2588 939 2670 quemvis
958 2588 1012 2650 via
1032 2588 1132 2670 longa
1150 2594 1301 2677 paretur,

336 2703 362 2796 Z
409 2703 451 2765 Et
471 2701 570 2767 Canis
592 2705 699 2784 arenti
718 2706 842 2788 torreat
863 2724 941 2767 arva
961 2704 1025 2779 siti,

367 2802 529 2896 Quamvis¹
545 2823 730 2900 praetexens
749 2819 840 2900 pieta
860 2792 1026 2914 ferrugine
1046 2820 1164 2882 caelum

409 2933 591 2998 Portendat
610 2935 742 3015 pluvias
761 2936 912 2998 imbrifer
932 2955 1027 2998 arcus
1047 2956 1159 3016 aquas.

279 3081 307 3116 rr,
365 3050 474 3132 Vel‚si
494 3051 651 3126 eaeruleas
670 3051 775 3132 puppi
794 3051 884 3113 volet
902 3051 952 3112 ire
970 3071 1030 3131 per
1048 3050 1166 3126 undas,

408 3166 484 3248 Ipse
505 3167 613 3230 levem
633 3185 725 3230 remo
745 3187 806 3248 per
825 3169 909 3230 freta
928 3166 1015 3247 pelle
1036 3171 1152 3229 ratem.

364 3283 482 3346 Necte
503 3285 663 3364 paeniteat
683 3283 783 3346 duros
804 3283 946 3346 subiisse
966 3282 1098 3344 labores

408 3399 475 3461 Aut
495 3419 596 3480 opera
614 3399 765 3462 insuetas
785 3397 962 3461 atteruisse
981 3416 1112 3472 manus,

363 3516 438 3590 Nee,
459 3514 541 3578 velit
559 3513 692 3577 insidiis
712 3515 797 3576 altas
818 3513 846 3576 si
865 3513 1018 3576 claudere
1037 3512 1150 3588 valles,

279 3660 308 3697 5ο
408 3629 497 3693 Dum
516 3630 658 3711 placeas,
679 3631 787 3693 umeri
803 3632 888 3723 retia
908 3631 992 3693 ferre
1012 3632 1144 3710 negent.

365 3745 399 3809 Si
417 3747 509 3810 volet
529 3765 631 3820 arma,
653 3746 718 3809 levi
737 3745 917 3828 temptabis
936 3746 1049 3809 ludere
1070 3743 1201 3808 dextra:

409 3860 502 3942 Saepe
521 3861 616 3925 dabis
635 3860 772 3938 nudum,
792 3863 906 3926 vineat
924 3864 962 3923 ut
980 3860 1047 3934 ille,
1069 3860 1168 3923 latus.

364 3977 446 4040 Tum
465 3977 526 4041 tibi
545 3978 638 4040 mitis
658 3977 729 4052 erit,
752 3978 862 4058 rapias
881 3980 954 4040 tum
973 3995 1049 4038 cara
1067 3975 1180 4038 licebit

408 4091 549 4157 Oscula:
568 4092 740 4176 pugnabit,
762 4092 820 4155 sed
837 4097 952 4156 tamen
972 4095 1050 4174 apta
1068 4090 1170 4154 dabit.

278 4239 306 4276 55
362 4209 471 4290 Rapta
491 4209 583 4272 dabit
601 4209 720 4290 primo,
741 4228 819 4271 mox
838 4207 954 4271 offeret
972 4207 1045 4290 ipse
1064 4207 1206 4288 roganti,
