3306 4896
733 473 769 517 11.
787 471 813 517 5.

260 647 529 731 Concubitusque
549 653 624 712 tuos
644 651 760 712 furtim
779 649 946 730 vittasque
964 650 1112 712 iacentes

304 766 347 830 Et
366 765 478 848 cupidi
498 766 539 830 ad
558 767 649 848 ripas
668 787 762 828 arma
780 766 896 828 relicta
916 765 979 828 dei.

261 881 394 964 Carpite
412 902 513 957 nuno,
534 883 633 958 tauri,
655 881 696 944 de
717 887 846 964 septem
866 881 1038 944 montibus
1058 880 1189 954 herbas,

304 996 394 1061 Dum
412 999 510 1063 lieet:
529 999 584 1061 hio
603 1017 733 1081 magnae
752 999 820 1061 iam
839 999 933 1061 loeus
952 997 1045 1060 urbis
1065 997 1136 1059 erit

260 1112 376 1187 Rome,
397 1116 494 1176 tuum
512 1133 638 1178 nomen
656 1115 755 1177 terris
776 1114 875 1178 fatale
896 1111 1060 1194 regendis,

307 1228 378 1306 Qua
398 1228 518 1292 suade
537 1230 618 1292 eaelo
638 1231 800 1312 prospicit
820 1250 898 1292 srva
918 1229 1027 1303 Ceres,

262 1344 400 1424 Quaque
419 1347 537 1426 patent
555 1349 648 1407 ortus
668 1348 701 1408 et
720 1366 785 1426 qua
803 1344 1015 1409 fluitantibus
1034 1343 1134 1406 undis

308 1455 393 1522 Solis
414 1459 612 1523 anhelantes
633 1460 740 1524 obluit
759 1461 868 1524 amnis
889 1480 1000 1541 equos.

261 1573 360 1637 Troia
379 1573 512 1656 quidem
532 1577 612 1638 tune
632 1596 668 1638 se
687 1576 864 1638 mirabitur
883 1579 915 1638 et
936 1575 998 1638 sibi
1018 1574 1106 1636 dioet

306 1687 374 1752 Vos
392 1689 477 1752 bene
496 1694 566 1753 tum
585 1691 687 1771 longa
707 1691 916 1753 consuluisse
936 1691 999 1752 via.

262 1804 349 1868 Vera
368 1825 470 1869 oeno:
492 1808 539 1869 sie
557 1827 663 1888 nsque
684 1827 794 1870 saeros
813 1807 952 1870 innoxia
970 1808 1084 1869 laurus

191 1965 193 1970 ·
307 1919 437 1996 Vesper,
459 1923 492 1982 et
510 1924 673 1984 aeternum
693 1921 737 1983 sit
755 1920 839 1983 mihi
858 1921 1064 2001 virginitas»

263 2034 343 2098 Haee
362 2035 481 2099 oeeinit
500 2039 592 2100 vates
613 2039 645 2098 et
665 2039 697 2098 te
718 2035 790 2111 sibi,
811 2037 944 2106 Phoebe.
965 2038 1104 2111 vooavit,

308 2149 448 2213 laetavit
467 2152 558 2215 fusas
579 2155 612 2214 et
631 2155 731 2234 eaput
750 2155 827 2215 ante
848 2172 969 2216 eomas.

265 2265 433 2347 Quidquid
451 2268 637 2343 Amalthea,
660 2267 820 2349 quidquid
838 2269 1009 2350 Marpesia
1028 2267 1120 2342 dixit,

309 2381 493 2464 Herophilo
512 2381 637 2446 Phoebo
658 2387 754 2464 grate
773 2383 860 2465 quod
880 2383 1064 2457 admonuit,

265 2498 418 2581 Quasque
438 2499 569 2562 Aniene
589 2519 698 2563 sacras
718 2499 837 2562 Tiburs
856 2521 917 2582 per
936 2498 1077 2562 flumina
1098 2504 1204 2562 sortes

308 2614 453 2677 Portarit
473 2616 559 2677 sieoo
579 2616 820 2697 pertuleritque
842 2615 928 2690 sinu,

264 2728 336 2808 (Hae
356 2731 426 2792 fore
446 2729 600 2794 dixerunt
619 2731 698 2793 belli
719 2732 808 2793 mals
830 2731 926 2811 signe
946 2734 1109 2802 cometen,

309 2843 436 2908 Multus
454 2850 492 2909 ut
511 2846 547 2908 in
566 2849 672 2908 terras
691 2845 928 2927 deplueretque
948 2845 1035 2926 lepis
1046 2867 1054 2920 3

263 2958 370 3040 Atque
390 2960 489 3025 tubas
509 2963 608 3042 atque
629 2981 722 3023 arma
741 2963 854 3023 ferunt
874 2960 1086 3041 strepitantia
1105 2961 1186 3023 eaelo

309 3073 432 3138 Audite
451 3080 483 3138 et
501 3077 595 3139 lucos
613 3077 830 3157 praeoinuisse
850 3077 982 3156 fugam;

264 3189 381 3271 Ipsum
400 3189 502 3253 etiam
522 3189 634 3254 Solem
654 3191 822 3253 defectum
840 3191 969 3253 lumine
989 3190 1071 3254 vidit

308 3304 450 3386 Iungere
469 3307 636 3387 pellentes
655 3305 792 3368 nubilus
813 3325 923 3367 eunus
944 3325 1047 3386 equos

264 3419 308 3482 Et
326 3421 505 3484 simulacra
524 3419 622 3483 deum
642 3421 800 3483 lacrimas
819 3419 946 3483 fudisse
965 3425 1118 3502 tepentes

309 3535 460 3618 Fataque
479 3537 609 3599 vocales
629 3537 870 3618 praemonuisse
891 3536 1013 3612 boves),

265 3649 346 3714 Haeo
364 3653 497 3715 fuerent
516 3652 616 3715 olim:
638 3652 696 3715 sed
714 3657 751 3714 tu
770 3652 838 3714 iam
858 3652 960 3727 mitis,
980 3651 1109 3732 Apelle,

311 3765 466 3848 Prodigia
484 3768 657 3831 indomitis
677 3787 789 3848 merge
810 3767 871 3829 sub
891 3767 1088 3847 aequoribus.

266 3882 312 3946 Ut
330 3902 490 3946 succensa
510 3885 613 3947 saeris
633 3884 775 3965 crepitat
795 3884 878 3945 bene
898 3883 1015 3944 laurea
1033 3879 1188 3955 flammis,

312 3996 432 4062 Omine
452 4019 517 4081 quo
537 4000 616 4062 felix
636 4004 669 4061 et
688 4018 781 4063 sacer
801 4017 909 4060 annue
931 3996 1010 4058 erit!

266 4113 397 4178 Lourus
416 4115 475 4178 ubi
493 4115 582 4178 bona
602 4115 699 4195 signa
719 4113 820 4187 dedit,
842 4112 984 4194 gaudete
1004 4111 1133 4174 coloni:

311 4231 488 4295 Distendet
508 4232 608 4314 spiois
628 4234 750 4296 horrea
769 4231 870 4312 plene
891 4229 999 4304 Ceres,
