3306 4896
737 703 791 770 IV.

248 844 310 923 Qui
332 846 416 910 mihi
435 847 477 922 te,
500 845 666 922 Cerinthe.
688 845 759 910 dies
778 846 880 925 dedit,
900 847 955 910 hic
971 847 1056 911 mihi
1074 850 1209 922 sanetis
1297 792 1348 846 Π·
1362 792 1388 846 5.

292 961 398 1044 Atque
418 963 507 1025 inter
525 963 629 1025 festos
649 981 781 1044 semper
799 961 974 1026 habendus
995 963 1064 1027 crit.

247 1077 291 1140 Te
310 1081 470 1142 nascente
490 1097 616 1141 novum
635 1077 745 1141 Parcae
765 1079 915 1142 cecinere
935 1078 1058 1160 puellis

293 1190 473 1256 Servitium
493 1195 526 1256 et
545 1191 709 1255 dederunt
727 1212 831 1273 regna
851 1193 994 1274 superba
1012 1192 1083 1258 tibi.

247 1306 333 1372 Uror
352 1329 412 1390 ege
433 1311 511 1371 anta
531 1308 634 1373 alias:
654 1309 748 1372 iuvat
767 1311 840 1383 hoc,
862 1307 1029 1386 Cerintho,
1052 1308 1142 1391 quod
1160 1329 1249 1386 uror,
1373 1339 1387 1376 e
1464 1327 1471 1338 ·

293 1420 329 1486 Si
347 1423 409 1487 libi
430 1423 468 1487 de
488 1424 587 1489 nobis
607 1426 745 1488 mutuus
764 1425 853 1505 ignis
872 1424 976 1488 adest.

247 1537 386 1603 Mutuus
406 1538 492 1604 adsit
512 1560 615 1614 amor,
636 1561 695 1623 per
714 1543 747 1603 te
768 1540 963 1606 dulcissima
983 1543 1071 1604 furta

292 1655 418 1736 Perque
438 1658 515 1718 tuos
535 1657 650 1720 oculos
669 1676 730 1738 per
750 1655 960 1738 Geniumque
980 1675 1071 1736 rogo.

248 1767 371 1850 Magne
392 1770 487 1845 Geni,
510 1790 590 1852 cape
610 1773 686 1834 tura
704 1770 813 1833 libens
832 1771 985 1854 votisque
1006 1773 1125 1846 favete,

294 1883 328 1947 Si
348 1884 458 1960 m0d0,
480 1905 556 1950 cum
576 1884 616 1947 de
636 1906 689 1948 me
710 1887 841 1967 cogitat,
863 1885 919 1948 ille
940 1886 1035 1949 calet.

250 1998 345 2077 Quod
365 2002 394 2064 si
415 2003 499 2065 sorte
521 2001 606 2065 elios
625 2001 694 2064 iam
713 2021 804 2064 nunc
824 2002 971 2084 suspiret
990 2020 1130 2076 amores,

293 2114 385 2179 Tunc
402 2136 521 2198 precor
540 2115 670 2191 infidos,
693 2119 816 2190 sancte,
839 2117 990 2197 relinque
1010 2116 1111 2180 iocos.
1131 2136 1139 2161 ··

247 2229 314 2293 Nec
333 2234 370 2294 tu
391 2234 436 2295 sis
456 2233 593 2310 iniusta,
614 2232 747 2296 Venus:
767 2233 821 2295 vel
840 2232 964 2296 serviat
982 2252 1074 2314 aeque

292 2346 432 2411 Vinctus
453 2350 592 2429 uterque
612 2347 683 2424 tibi,
707 2348 757 2410 vel
776 2367 852 2412 mea
872 2347 982 2411 vincla
1001 2348 1084 2412 leva.

248 2459 313 2525 Sed
332 2463 446 2542 potius
464 2463 576 2527 valida
595 2467 770 2527 teneamur
789 2466 928 2544 uterque
948 2465 1075 2539 catena,

292 2576 392 2642 Nulla
411 2583 512 2661 queat
529 2580 671 2664 posthac
690 2600 753 2643 nos
773 2581 915 2645 soluisse
935 2579 1016 2642 dies.

249 2690 350 2776 Optat
368 2694 458 2758 idem
478 2695 619 2772 iuvenis,
641 2695 730 2777 quod
749 2716 822 2772 nos,
843 2695 902 2759 sed
921 2694 1040 2770 tectius
1061 2697 1174 2777 optat:

292 2808 376 2873 Nam
396 2810 501 2893 pudet
518 2813 589 2874 haec
607 2812 705 2874 illum
725 2811 834 2874 dicere
854 2811 954 2875 verba
973 2811 1096 2894 palam.

246 2923 289 2987 At
308 2927 354 3000 tu,
375 2926 514 3003 Natalis,
536 2928 696 3009 quoniam
715 2927 797 2991 deus
817 2928 932 2991 omnia
952 2927 1067 3004 sentis,

293 3039 427 3104 Adnue:
449 3041 529 3123 quid
546 3043 656 3118 refert,
678 3043 809 3105 clamne
828 3043 985 3123 palamne
1006 3045 1125 3123 roget?

743 3361 781 3422 V.

246 3501 376 3566 Natalis
394 3503 489 3578 Iuno,
512 3507 644 3567 sanctos
665 3522 745 3586 cape
765 3505 849 3567 turis
870 3523 1014 3576 acervos,

293 3616 383 3695 Quos
402 3618 464 3681 tibi
484 3618 541 3682 dat
559 3623 674 3682 tenera
694 3618 791 3681 docta
809 3619 923 3700 puella
942 3637 1055 3681 manu.

246 3730 332 3794 Lota
351 3733 412 3795 tibi
433 3736 484 3798 est
503 3732 613 3809 hodie,
634 3732 694 3796 tibi
715 3753 749 3796 ee
768 3733 940 3795 laetissima
961 3733 1114 3813 compsit,

292 3841 402 3910 Staret
420 3851 459 3911 ut
477 3850 554 3911 ante
575 3851 651 3911 tuos
671 3845 907 3927 conspicienda
927 3848 1026 3910 locos.

246 3962 310 4027 Illa
329 3963 464 4046 quidem
484 3963 626 4027 ornandi
646 3983 763 4027 causas
783 3963 853 4036 tibi,
876 3961 960 4037 diva,
982 3962 1127 4044 relegat:

291 4077 351 4144 uer
369 4082 493 4153 tamen,
517 4080 644 4144 occulte
664 4079 717 4142 cui
738 4079 904 4160 placuisse
924 4078 1013 4140 velit.

245 4194 288 4258 At
306 4197 352 4270 tu,
375 4200 498 4272 sancta,
522 4196 605 4270 save,
626 4214 669 4258 ne
689 4195 763 4276 quis
783 4193 921 4256 divellat
942 4195 1104 4267 amantes,
