3306 4896
477 1157 793 1241 SULPIOIAE
830 1159 1159 1269 ELEGIDIA.

791 1406 882 1491 v1.

349 1546 483 1612 Invisus
502 1549 626 1611 natalis
646 1547 748 1624 adest,
771 1549 827 1630 qui
848 1567 924 1610 rure
943 1549 1086 1611 molesto
1347 1549 1397 1604 IV·
1411 1549 1438 1604 8.

394 1664 437 1726 Et
457 1666 530 1728 sine
550 1664 710 1729 Cerintho
730 1664 835 1726 tristis
856 1663 1005 1745 agendus
1026 1664 1098 1729 arii.

348 1777 487 1842 Dulcius
507 1780 589 1842 urbe
610 1779 691 1862 quid
709 1783 784 1843 est?
802 1781 854 1842 An
874 1781 955 1843 villa
974 1780 1018 1843 sii
1038 1783 1118 1862 apta
1137 1781 1260 1862 puellae

392 1894 499 1977 Atque
518 1896 674 1958 Arretino
696 1895 836 1976 [rigidus
856 1897 966 1959 amnis
986 1899 1093 1977 agro?

279 2035 292 2072 a
348 2009 429 2084 Iam,
453 2011 597 2074 nimium
616 2009 776 2073 Messalla
795 2012 862 2074 mei
882 2010 1039 2086 studiose,
1062 2011 1235 2092 quiescas:

392 2125 466 2188 Non
486 2127 692 2208 tempestiva
714 2145 809 2207 sape,
831 2126 1028 2208 propinque,
1050 2127 1121 2190 viae.

347 2242 412 2304 Hie
432 2243 585 2304 animum
605 2260 789 2322 sensusque
808 2261 902 2303 meos
922 2241 1064 2304 abducta
1085 2241 1249 2321 relinque,

390 2357 537 2421 Arbitrio
558 2356 711 2439 quamvis
730 2375 800 2417 nen
820 2357 904 2419 sinis
925 2375 997 2420 esse
1017 2377 1101 2420 meo,

839 2674 880 2737 Il.

346 2815 417 2880 Scis
437 2817 502 2878 iter
521 2835 560 2878 ex
580 2817 693 2878 animo
714 2815 884 2878 sublatum
904 2816 999 2878 triste
1020 2815 1166 2895 puellae?
1342 2813 1394 2865 IV·
1406 2814 1432 2866 9.

390 2931 419 2993 N
422 2932 502 2994 aiali
522 2932 636 2995 Romae
657 2931 724 2994 iam
744 2931 821 2993 lieet
842 2950 914 2994 esse
934 2936 1009 2993 tuae.

346 3044 511 3109 Omnibus
530 3047 588 3110 ille
608 3046 680 3110 dies
701 3046 799 3109 nobis
819 3047 942 3109 natalis
963 3050 1091 3127 agatur,

390 3161 455 3239 Qui
474 3163 691 3243 necopinanli
712 3181 801 3223 nune
821 3162 882 3224 ubi
903 3161 989 3224 forle
1010 3162 1109 3223 venii.

835 3481 893 3545 ΠΙ.

344 3622 485 3688 Gratum
502 3626 562 3700 est,
581 3643 717 3687 securus
733 3625 879 3687 multum
900 3625 1074 3705 quodiam
1095 3624 1215 3688 libide
1235 3645 1288 3688 me
1323 3621 1371 3674 IV·
1392 3623 1430 3675 10.

387 3739 566 3814 Permitlis,
589 3738 700 3803 subite
720 3760 763 3801 ne
783 3740 871 3802 male
891 3740 1006 3823 inepta
1026 3740 1151 3804 eadam.

343 3855 393 3920 su
412 3855 474 3918 libi
494 3875 575 3918 eura
592 3858 678 3936 logae
699 3856 812 3935 potior
830 3875 1050 3938 pressumque
1071 3856 1215 3938 quasillo

387 3967 552 4048 Scortum,
573 3990 674 4051 quam
695 3968 787 4032 Servi
806 3969 876 4033 filia
897 3969 1056 4052 Sulpicia.

270 4118 283 4154 s
341 4085 484 4150 Solliciti
505 4088 585 4150 suni
605 4107 665 4168 pro
686 4085 793 4154 nobis,
816 4087 936 4166 quibus
955 4088 1016 4149 illa
1035 4087 1145 4149 dolori
1165 4090 1224 4161 est,

384 4203 432 4265 Ne
453 4202 568 4267 cedam
589 4203 705 4282 ignoto
725 4203 872 4264 maxima
892 4205 1096 4266 causatore.
