3268 4896
625 457 668 502 sn
683 459 706 504 1.
725 456 768 516 10,
787 455 913 504 sa—ss.
1286 439 1340 492 ¹07

211 634 316 698 «male
350 655 492 717 parens»
517 662 553 690 =
572 655 775 718 repugnans.
796 673 842 682 -—
860 635 941 721 ipso,
977 637 1159 719 opponitur
1192 638 1340 703 rusticus

205 750 299 814 uxori
320 753 353 813 et
370 750 496 828 liberis,
517 751 574 832 qui
595 770 665 815 non
685 754 764 814 sunt
784 752 876 815 ebrii.

250 862 288 927 V.
319 863 461 929 53-58.
494 861 563 930 Sed
599 862 739 930 Veneris
771 869 850 931 tuuc
883 864 973 931 bello
1003 867 1115 934 euleut
1145 868 1340 950 scissosque

207 978 351 1063 capillos
370 977 517 1046 Fomluo
530 980 729 1066 perfruetur
749 981 1037 1070 conqueriturque
1055 982 1160 1068 fores,
1178 983 1219 1047 de
1239 982 1341 1047 bellis

206 1092 345 1157 Veneris
374 1095 413 1157 of.
444 1093 576 1158 inlraI.
601 1094 629 1170 1,
650 1095 804 1161 73—75:
829 1096 943 1160 «Nune
970 1097 1055 1160 levis
1084 1100 1135 1162 est
1163 1096 1339 1161 tractanda

206 1206 329 1284 Venus,
350 1208 432 1272 dum
452 1210 605 1290 frangere
624 1212 740 1290 postes
759 1210 836 1275 Non
863 1211 967 1294 pudet
986 1215 1019 1277 et
1038 1212 1125 1276 rixas
1155 1212 1339 1276 inseruisse

206 1324 307 1386 iuvat
328 1321 393 1386 Hie
414 1343 474 1405 ego
494 1322 560 1387 dux
578 1325 742 1407 milesque
763 1326 903 1390 bonus».
923 1327 1018 1390 Idem
1034 1326 1198 1390 transitus
1212 1346 1231 1389 a
1243 1326 1341 1389 festis

207 1437 408 1501 rusticorum
440 1439 482 1502 ad
509 1440 597 1502 rixas
629 1441 816 1504 amantium
846 1442 937 1505 inira
966 1441 1008 1505 H.
1041 1445 1071 1518 5,
1104 1443 1272 1506 95—104.
1294 1481 1339 1488 —

208 1551 297 1620 bellu
326 1555 448 1638 euleut,
468 1576 591 1639 magno
612 1576 688 1620 eum
717 1559 846 1622 fervore
875 1562 1055 1639 geruntur3
1076 1559 1115 1621 ef.
1136 1557 1233 1639 Verg.
1254 1558 1336 1623 Aen.

207 1672 231 1734 I.
262 1673 348 1736 436:
373 1671 510 1736 «Fervet
539 1693 655 1754 opus».
676 1712 719 1719 —
748 1675 938 1758 scissosque
966 1672 1125 1757 capillos,
1153 1673 1341 1754 saepissime

208 1789 308 1853 huius
332 1788 380 1850 rei
408 1789 537 1852 mentio
566 1790 710 1853 oeourrit
738 1789 828 1870 apud
854 1792 972 1871 poetas
1002 1790 1153 1863 erotioos‚
1184 1791 1222 1851 ut
1240 1789 1336 1872 Prop.

206 1905 248 1967 Π.
270 1907 300 1981 5,
322 1906 475 1969 etr-ae:
500 1903 585 1968 «Neo
603 1903 665 1968 tibi
686 1921 831 1968 conexos
850 1905 958 1968 iratus
978 1924 1113 1986 carpere
1133 1905 1252 1977 crines,
1271 1902 1340 1969 Neo

208 2018 301 2082 duris
320 2020 430 2083 ausim
449 2018 570 2082 laedere
598 2019 795 2101 pollicibus»
821 2023 853 2081 et
873 2017 931 2083 Ov.
952 2019 1024 2082 Am.
1046 2019 1071 2083 I.
1094 2021 1124 2095 7,
1148 2022 1207 2083 11:
1233 2019 1341 2101 «Ergo

209 2150 269 2212 ego
300 2131 447 2216 digesios
476 2134 574 2215 potui
603 2107 732 2197 laniare
764 2133 947 2214 capilloslo
983 2169 1027 2178 —
1053 2134 1276 2218 perfractas.
1301 2185 1335 2198 ..

207 2249 309 2335 fores,
331 2268 373 2312 se.
397 2247 437 2312 ab
466 2249 672 2313 amatoribus
693 2249 845 2324 exclusis,
877 2253 913 2312 ut
932 2249 1027 2331 Prop.
1049 2250 1091 2313 H.
1113 2252 1143 2325 5,
1166 2252 1228 2314 ll:
1253 2249 1340 2312 «Nee

207 2383 283 2427 mea
301 2364 482 2446 praeoluses
502 2364 637 2445 frogerii
655 2364 706 2426 ira
719 2365 837 2427 iores».
852 2399 897 2406 —-
912 2366 1048 2430 teneros
1068 2362 1192 2429 obtuso
1210 2381 1338 2449 peuos;

208 2482 247 2542 ef.
270 2478 326 2543 Ov.
347 2479 384 2542 A
405 2479 442 2542 A.
463 2480 522 2543 IH.
544 2482 630 2545 568:
648 2479 732 2543 «Nee
753 2480 897 2544 dominae
917 2484 1051 2545 teneras
1072 2479 1208 2563 adpetet
1226 2500 1341 2562 ungue

208 2615 329 2677 genas»
353 2601 388 2661 et
413 2596 486 2661 Am.
507 2598 532 2660 l.
554 2599 584 2671 7,
615 2598 768 2686 etl-50:
794 2598 854 2660 «At
881 2617 971 2660 nune
1001 2597 1156 2670 sustinui,
1186 2599 1292 2679 raptis
1321 2619 1343 2661 a

207 2711 317 2775 fronte
338 2711 479 2793 capillis,
500 2711 643 2774 Ferreus
671 2711 837 2792 ingenuas
866 2731 979 2792 ungue
1009 2715 1127 2775 notare
1148 2732 1270 2792 genas»
1295 2730 1339 2776 so.

209 2826 333 2890 umioae.
351 2863 395 2870 -—
408 2826 543 2908 obtuso,
563 2827 720 2891 manibus
739 2833 798 2891 aut
816 2829 939 2910 pugnis
958 2830 1150 2905 verberata;
1171 2830 1210 2892 ef.
1231 2829 1340 2894 Plana

208 2941 281 3006 Cas.
302 2941 340 3006 V.
364 2943 392 3020 1,
413 2945 453 3007 8:
479 2943 616 3007 «obtuso
647 2963 721 3007 orer
746 2949 779 3008 et
807 2944 886 3008 ibid.
907 2945 944 3010 V.
967 2949 996 3017 t.
1018 2948 1082 3011 50:
1108 2946 1283 3009 «obtundit
1302 2967 1342 3010 os

207 3058 325 3122 mihi».
347 3057 501 3122 Ceterum
531 3059 654 3125 obtuso
684 3063 734 3123 est
763 3081 839 3124 mea
859 3063 1070 3137 oonieetura3
1091 3062 1130 3125 of.
1152 3064 1241 3125 infra
1261 3063 1339 3127 adn.

208 3173 279 3237 orit.
301 3173 394 3238 adh.
414 3175 436 3238 l.
457 3212 501 3218 -—
521 3172 581 3240 sed
599 3176 708 3240 uictor
726 3178 757 3240 el
784 3177 859 3260 lpse
879 3175 953 3244 etet
981 3179 1049 3244 sibl
1068 3177 1240 3244 dementes
1268 3182 1340 3244 tom

208 3291 361 3357 uoluisse
391 3310 530 3373 maula,
560 3293 599 3354 of.
632 3291 721 3354 inira
748 3292 790 3354 H.
822 3294 853 3368 5,
884 3293 1080 3358 101--103:
1106 3295 1257 3374 «Ingeret
1286 3295 1342 3359 hie

208 3410 309 3489 potus
328 3406 460 3470 iuvenis
479 3405 656 3470 maledieta
685 3405 815 3487 puellae,
837 3407 1018 3472 Postmodo
1038 3429 1109 3490 quae
1129 3409 1217 3472 votis
1245 3409 1342 3473 irrita

208 3522 297 3585 faeta
315 3521 421 3585 velit:
435 3520 521 3583 Nam
541 3520 631 3584 ferus
650 3520 707 3584 ille
728 3541 795 3584 sues
815 3522 962 3602 plorabit
981 3523 1111 3586 sobrius
1130 3522 1251 3585 idem».
1266 3521 1342 3586 Hoe

209 3642 446 3719 argumentum
475 3641 597 3702 tractat
628 3636 685 3701 Ov.
714 3636 787 3700 Am.
819 3638 845 3701 I.
876 3641 905 3703 7.
927 3675 971 3681 —-
989 3638 1079 3703 riusa
1109 3637 1206 3702 mola
1235 3637 1343 3703 uerba

145 3803 155 3826 .
208 3752 396 3832 ministrat,
415 3753 520 3815 Amor
539 3752 723 3815 delectatur
741 3753 870 3834 proeliis
895 3753 1083 3815 amantium
1104 3767 1136 3815 et
1155 3772 1243 3815 nova
1261 3753 1342 3815 rixae

209 3868 372 3932 alimenta
401 3868 557 3950 suggerit
587 3904 634 3942 -ς
659 3866 752 3934 luter
790 3869 820 3932 et
848 3868 979 3934 tratum
1011 3867 1120 3931 leulus
1157 3870 1343 3952 tetrumque

210 3981 311 4063 sedet,
334 3984 373 4047 ei.
394 3983 489 4066 Prop.
510 3984 552 4047 Π.
577 3984 627 4060 14,
648 3986 689 4048 l:
715 3985 799 4048 «Nee
818 3985 904 4047 mihi
932 3986 1082 4066 ploranti
1110 3985 1203 4048 lenta
1224 3982 1341 4046 sedere

208 4101 338 4179 potest»
363 4101 397 4162 et
415 4098 474 4162 Ov.
494 4098 566 4162 Am.
587 4099 647 4163 IH.
670 4101 699 4173 6,
722 4100 784 4163 6οε
809 4099 889 4162 «Ille
918 4098 1019 4161 habet
1048 4102 1082 4162 et
1111 4098 1221 4162 silices
1241 4102 1274 4162 et
1292 4097 1341 4161 vi-

208 4232 289 4276 vum
307 4214 345 4276 in
363 4216 497 4297 pectore
526 4216 661 4290 ferrum,
684 4213 749 4291 Qui
769 4218 885 4277 tenero
914 4214 1069 4277 laerimas
1093 4213 1206 4277 lentus
1226 4213 1262 4275 in
1283 4231 1342 4276 ore
