3268 4896
304 434 356 488 164
733 456 776 499 sn
791 457 814 500 1.
832 455 857 514 a,
877 453 1002 501 es—m.

303 633 460 697 decorum
471 633 616 695 Protulit
628 652 675 708 os,
692 632 773 714 quin
793 651 872 696 ossa
890 632 1005 713 legant
1021 632 1207 715 herbasque
1228 637 1407 697 nocentes»
1422 653 1431 708 3

302 748 807 830 Lucian.Philopseud.e.14:
836 743 1008 835 αὐξομένην
1035 753 1176 836 τηρήσας
1205 753 1259 836 τὴν
1287 750 1431 836 σελήνην,

301 869 369 930 τότε
388 869 446 949 γὰρ
459 863 502 937 ὡς
522 863 681 930 ἐπιτοπολὺ
698 868 737 930 τὰ
756 871 882 929 τοιαῦτα
901 866 1167 949 τελεσιουργεῖται.
1186 903 1231 909 --
1251 864 1297 930 ud
1314 864 1431 950 mapi-

304 997 359 1044 cos
379 1029 386 1044 .
407 1030 416 1044 .
437 1030 444 1044 .
467 977 555 1056 (teos,
577 980 618 1044 ad
638 1001 730 1044 aram
750 980 889 1044 deorum
916 981 1112 1057 inferorum,
1134 1002 1217 1064 quos
1236 983 1274 1045 in
1292 982 1431 1064 magicis

302 1096 402 1160 rebus
421 1096 643 1171 invocabant3
664 1097 704 1159 cf.
725 1096 813 1159 infra
832 1096 874 1159 H.
897 1097 927 1170 5,
950 1097 1012 1159 ll:
1038 1095 1211 1159 «ardentes
1231 1097 1330 1160 deos»
1353 1118 1431 1179 pro:

303 1211 455 1275 ardentia
474 1211 601 1292 templa
619 1211 767 1274 deorum.
789 1249 834 1254 -
854 1211 966 1277 tortia
990 1210 1102 1294 putta,
1123 1213 1230 1292 nigra,
1251 1212 1360 1294 qualis
1379 1213 1431 1277 dis

302 1328 420 1392 inferis
441 1325 588 1390 debetur.
607 1360 652 1370 *-
670 1323 741 1390 Nec
760 1329 791 1390 tc
805 1344 907 1409 posse
936 1345 1052 1392 carcre
1080 1327 1192 1404 velim,
1212 1331 1251 1390 ut
1269 1327 1358 1390 infra
1376 1327 1430 1390 IV.

303 1445 333 1519 6,
359 1445 407 1506 19.
429 1441 470 1504 de
487 1441 602 1523 puella
621 1444 775 1505 amante:
799 1441 893 1516 «Nee,
913 1443 1013 1505 liceat
1041 1442 1203 1524 quamvis,
1226 1462 1308 1506 sana
1327 1443 1431 1505 fuisse

302 1559 414 1624 velit».
435 1595 480 1602 -
498 1577 615 1623 carcre
640 1557 754 1633 'catina
785 1557 900 1622 eadem
932 1558 1034 1621 verba
1064 1559 1101 1621 in
1131 1557 1198 1622 fine
1229 1559 1431 1640 pentametri

303 1674 361 1739 Ov.
381 1674 461 1738 Her.
484 1676 513 1748 7,
535 1675 597 1737 28:
622 1673 683 1736 «Et
700 1693 775 1756 quo,
797 1675 916 1737 sinon
937 1674 1001 1736 sim
1031 1673 1143 1748 stulta,
1165 1693 1275 1736 carere
1295 1672 1414 1736 velim»
1421 1693 1430 1747 3

303 1793 342 1854 cl.
365 1791 467 1853 etiam
486 1788 544 1853 Ov.
564 1789 601 1853 A.
621 1789 658 1852 A.
680 1789 722 1852 H.
743 1791 828 1854 454:
854 1789 945 1868 «Quo
975 1789 1049 1852 sine
1080 1809 1150 1852 non
1178 1790 1287 1872 possit
1309 1789 1429 1862 vivere,

302 1927 399 1989 posse
418 1906 530 1969 velit».

347 2023 384 2086 V.
407 2023 549 2088 65—70.
569 2019 716 2104 Ferreus
735 2001 794 2085 illc
812 2019 887 2104 fuit,
909 2019 969 2103 qui
998 2023 1028 2084 tc
1045 2039 1125 2085 cum
1147 2023 1267 2104 posset
1297 2017 1430 2094 tubere,

303 2137 467 2204 Maluerit
492 2135 633 2220 praectus
665 2134 791 2200 stultus
811 2139 842 2200 ct
862 2153 964 2198 orma
993 2135 1100 2220 sequi,
1122 2135 1244 2199 similis
1265 2135 1431 2198 sententia

304 2251 393 2335 apud
420 2253 515 2333 Prop.
545 2251 604 2314 HI.
635 2252 687 2326 ΞΟ,
718 2253 756 2314 3:
781 2249 920 2324 «Durus,
946 2251 1004 2331 qui
1034 2250 1128 2313 lucro
1159 2249 1270 2332 potuit
1301 2253 1431 2312 mutare

303 2369 483 2448 puellam».
504 2366 632 2430 Alludit
651 2367 819 2430 advirum
840 2365 1016 2448 quendam,
1052 2367 1109 2447 qui
1127 2365 1226 2429 Delia
1252 2365 1371 2427 relicta
1390 2363 1432 2426 ad

303 2483 391 2547 bella
409 2483 578 2564 profectus
598 2487 649 2546 est
668 2487 701 2546 et
719 2501 809 2545 nunc
836 2483 874 2544 in
903 2481 1047 2544 exercitu
1064 2479 1228 2544 Messallae
1258 2481 1296 2544 in
1316 2479 1432 2544 Cilicia

304 2598 428 2662 militat
438 2621 446 2674 3
465 2598 540 2662 vide
559 2599 647 2662 infra
665 2618 729 2662 uss.
752 2598 894 2662 67—-68.
909 2634 953 2640 —
971 2595 1119 2662 Ferreus
1138 2596 1199 2662 c'ttc
1216 2596 1293 2682 fuit,
1315 2597 1431 2660 eadem

303 2714 403 2779 verba
423 2715 458 2776 in
477 2713 543 2776 fine
562 2713 762 2795 pentametri
792 2732 893 2794 supra
911 2712 936 2775 Ι.
961 2714 1010 2788 10,
1032 2715 1062 2776 l.
1083 2750 1127 2756 —
1148 2709 1296 2779 Gc'tt'cum
1325 2712 1431 2779 victos

305 2832 387 2916 aput
415 2830 494 2894 arcte
523 2832 687 2906 cateruae,
707 2828 828 2892 alludit
847 2827 889 2891 ad
917 2827 1043 2891 bellurn
1062 2827 1228 2892 Messallae
1247 2830 1285 2891 in
1304 2827 1429 2904 Cilicia,

304 2945 430 3028 dequo
450 2947 489 3008 ol.
510 2944 641 3008 inlraL
665 2946 693 3020 7,
718 2943 857 3008 13—16.
879 2981 924 2986 —
944 2947 1026 3027 aput
1055 2947 1143 3019 autc,
1165 2963 1208 3007 se.
1231 2948 1309 3007 ante
1330 2964 1373 3021 se,
1394 2948 1432 3007 ut

303 3061 399 3141 Verg.
422 3059 479 3124 Ge.
504 3061 563 3124 HI.
594 3063 680 3125 55a:
705 3059 851 3123 «Pallida
879 3061 1062 3142 Tisiphone
1091 3059 1226 3126 Morbos
1255 3062 1325 3142 agit
1354 3065 1430 3125 ante

303 3176 529 3257 Metumque».
552 3213 595 3219 —
619 3173 722 3240 Totus
741 3176 772 3239 ct
791 3178 934 3261 urpcoto
958 3178 1146 3252 contectus,
1169 3180 1261 3242 totus
1281 3179 1313 3241 ct
1332 3195 1429 3254 auco,

304 3292 398 3354 euius
418 3309 536 3371 sagum
556 3309 637 3352 auro
658 3292 862 3370 argentoque
882 3290 1009 3353 intexto
1030 3296 1186 3354 ornatum
1207 3296 1265 3355 est.
1281 3329 1325 3334 —
1344 3309 1429 3358 cun-

304 3410 426 3480 tentae,
450 3404 488 3466 de
517 3405 654 3467 homine
683 3423 743 3486 pro
762 3408 864 3468 veste.
886 3441 930 3447 »-
948 3405 1219 3488 conspiciendae,
1242 3407 1282 3469 de
1303 3427 1351 3482 eo,
1374 3408 1431 3488 qui

303 3521 452 3585 vestibus
485 3520 636 3603 pulchris
667 3520 804 3583 indutus
836 3523 1065 3601 spectaculum
1094 3523 1274 3603 pulchrum
1307 3523 1433 3604 praebet

304 3636 509 3711 hominibus,
529 3639 567 3698 ut
586 3637 674 3698 infra
692 3635 746 3699 IV.
762 3637 791 3710 6,
808 3638 914 3700 3--4;
932 3636 1012 3699 «tibi
1031 3657 1066 3700 se
1085 3637 1259 3700 laetissima
1278 3638 1429 3720 compsit

305 3750 415 3816 Staret
432 3756 471 3816 ut
490 3757 567 3816 ante
595 3757 672 3816 tuos
701 3751 939 3833 conspicienda
967 3753 1076 3817 focos»
1102 3758 1134 3816 et
1156 3754 1198 3816 H.
1221 3755 1250 3828 3,
1271 3755 1334 3817 52:
1359 3753 1431 3817 «In-

304 3867 399 3930 eedat
418 3867 515 3931 donis
535 3867 771 3948 conspicienda
789 3869 908 3931 meis».

348 3980 385 4045 V.
399 3983 540 4046 71—74.
554 3982 669 4048 boves.
686 4032 692 4045 .
709 3983 879 4066 tenpore,
892 3982 933 4046 ad
946 3986 1094 4045 aratrum
1106 3986 1165 4046 aut
1174 3983 1373 4066 plaustrum.
1387 4019 1433 4026 -

303 4097 342 4162 tn
361 4095 434 4161 soto
455 4147 461 4159 .
484 4147 490 4159 .
513 4148 519 4160 .
540 4100 665 4180 monte,
694 4097 854 4171 solitario,
884 4097 1025 4172 deserto,
1046 4101 1083 4160 ut
1111 4098 1200 4161 infra
1217 4097 1272 4162 IV.
1297 4098 1346 4171 13,
1371 4097 1431 4162 m:

308 4211 363 4274 «in
379 4212 461 4274 solis
480 4215 517 4275 tu
544 4212 629 4275 mihi
659 4211 758 4275 turba
788 4211 902 4286 locisu3
921 4212 1034 4276 locum
1063 4215 1141 4276 ante
1170 4213 1285 4276 oeulos
1313 4211 1432 4279 habuit
