<?xml version="1.0" encoding="UTF-8"?>
<!DOCTYPE html PUBLIC "-//W3C//DTD XHTML 1.0 Transitional//EN"
    "http://www.w3.org/TR/xhtml1/DTD/xhtml1-transitional.dtd">
<html xmlns="http://www.w3.org/1999/xhtml" xml:lang="en" lang="en">
 <head>
  <title>
</title>
<meta http-equiv="Content-Type" content="text/html;charset=utf-8" />
  <meta name='ocr-system' content='tesseract 3.04.00' />
  <meta name='ocr-capabilities' content='ocr_page ocr_carea ocr_par ocr_line ocrx_word'/>
</head>
<body>
  <div class='ocr_page' id='page_1' title='image "albiitibullicar01tibugoog_0036.png"; bbox 0 0 3306 4896; ppageno 0'>
   <div class='ocr_carea' id='block_1_1' title="bbox 248 682 1259 3978">
    <p class='ocr_par' dir='ltr' id='par_1_1' title="bbox 248 682 1175 882">
     <span class='ocr_line' id='line_1_1' title="bbox 248 682 1175 766; baseline 0 -20"><span class='ocrx_word' id='word_1_1' title='bbox 248 682 328 747; x_wconf 89' lang='lat' dir='ltr'>Haec</span> <span class='ocrx_word' id='word_1_2' title='bbox 347 683 433 748; x_wconf 92' lang='lat' dir='ltr'>mihi</span> <span class='ocrx_word' id='word_1_3' title='bbox 452 685 641 766; x_wconf 81' lang='lat' dir='ltr'>composuit</span> <span class='ocrx_word' id='word_1_4' title='bbox 660 688 788 760; x_wconf 87' lang='lat' dir='ltr'>cantus,</span> <span class='ocrx_word' id='word_1_5' title='bbox 809 684 884 766; x_wconf 93' lang='lat' dir='ltr'>quis</span> <span class='ocrx_word' id='word_1_6' title='bbox 904 683 1019 747; x_wconf 86' lang='lat' dir='ltr'>fellere</span> <span class='ocrx_word' id='word_1_7' title='bbox 1039 702 1175 764; x_wconf 87' lang='lat' dir='ltr'>posses:</span> 
     </span>
     <span class='ocr_line' id='line_1_2' title="bbox 295 795 1035 882; baseline 0.003 -22"><span class='ocrx_word' id='word_1_8' title='bbox 295 798 357 862; x_wconf 81' lang='lat' dir='ltr'>Ter</span> <span class='ocrx_word' id='word_1_9' title='bbox 375 817 468 874; x_wconf 87' lang='lat' dir='ltr'>eane,</span> <span class='ocrx_word' id='word_1_10' title='bbox 489 803 540 862; x_wconf 86' lang='lat' dir='ltr'>ter</span> <span class='ocrx_word' id='word_1_11' title='bbox 559 795 657 863; x_wconf 89' lang='lat' dir='ltr'>dictis</span> <span class='ocrx_word' id='word_1_12' title='bbox 676 798 801 882; x_wconf 82' lang='lat' dir='ltr'>despue</span> <span class='ocrx_word' id='word_1_13' title='bbox 822 799 1035 863; x_wconf 90' lang='lat' dir='ltr'>carminibus.</span> 
     </span>
    </p>

    <p class='ocr_par' dir='ltr' id='par_1_2' title="bbox 250 913 1076 1112">
     <span class='ocr_line' id='line_1_3' title="bbox 250 913 1076 997; baseline 0 -19"><span class='ocrx_word' id='word_1_14' title='bbox 250 914 311 978; x_wconf 91' lang='lat' dir='ltr'>Ille</span> <span class='ocrx_word' id='word_1_15' title='bbox 330 913 418 978; x_wconf 91' lang='lat' dir='ltr'>nihil</span> <span class='ocrx_word' id='word_1_16' title='bbox 436 915 561 996; x_wconf 86' lang='lat' dir='ltr'>poterit</span> <span class='ocrx_word' id='word_1_17' title='bbox 581 914 621 980; x_wconf 91' lang='lat' dir='ltr'>de</span> <span class='ocrx_word' id='word_1_18' title='bbox 640 917 738 980; x_wconf 90' lang='lat' dir='ltr'>nobis</span> <span class='ocrx_word' id='word_1_19' title='bbox 758 915 891 980; x_wconf 87' lang='lat' dir='ltr'>credere</span> <span class='ocrx_word' id='word_1_20' title='bbox 910 917 1076 997; x_wconf 79' lang='lat' dir='ltr'><strong>cuiquam,</strong></span> 
     </span>
     <span class='ocr_line' id='line_1_4' title="bbox 295 1029 1017 1112; baseline 0.001 -20"><span class='ocrx_word' id='word_1_21' title='bbox 295 1029 370 1092; x_wconf 90' lang='lat' dir='ltr'>Non</span> <span class='ocrx_word' id='word_1_22' title='bbox 390 1029 463 1106; x_wconf 91' lang='lat' dir='ltr'>sibi,</span> <span class='ocrx_word' id='word_1_23' title='bbox 485 1030 513 1093; x_wconf 92' lang='lat' dir='ltr'>si</span> <span class='ocrx_word' id='word_1_24' title='bbox 533 1029 568 1092; x_wconf 94' lang='lat' dir='ltr'>in</span> <span class='ocrx_word' id='word_1_25' title='bbox 587 1031 683 1094; x_wconf 93' lang='lat' dir='ltr'>molli</span> <span class='ocrx_word' id='word_1_26' title='bbox 703 1031 824 1094; x_wconf 85' lang='lat' dir='ltr'>viderit</span> <span class='ocrx_word' id='word_1_27' title='bbox 843 1032 914 1112; x_wconf 91' lang='lat' dir='ltr'>ipse</span> <span class='ocrx_word' id='word_1_28' title='bbox 934 1034 1017 1095; x_wconf 88' lang='grc'><strong>0000.</strong></span> 
     </span>
    </p>

    <p class='ocr_par' dir='ltr' id='par_1_3' title="bbox 250 1143 1100 1328">
     <span class='ocr_line' id='line_1_5' title="bbox 250 1143 1100 1212; baseline 0.006 -6"><span class='ocrx_word' id='word_1_29' title='bbox 250 1143 298 1206; x_wconf 84' lang='lat' dir='ltr'>Tu</span> <span class='ocrx_word' id='word_1_30' title='bbox 317 1147 433 1207; x_wconf 88' lang='lat' dir='ltr'>tamen</span> <span class='ocrx_word' id='word_1_31' title='bbox 453 1145 620 1209; x_wconf 74' lang='lat' dir='ltr'>abstineas</span> <span class='ocrx_word' id='word_1_32' title='bbox 641 1148 737 1211; x_wconf 87' lang='lat' dir='ltr'>eliis:</span> <span class='ocrx_word' id='word_1_33' title='bbox 757 1168 837 1211; x_wconf 90' lang='lat' dir='ltr'>nam</span> <span class='ocrx_word' id='word_1_34' title='bbox 857 1151 967 1211; x_wconf 88' lang='lat' dir='ltr'>cetera</span> <span class='ocrx_word' id='word_1_35' title='bbox 986 1151 1100 1212; x_wconf 90' lang='lat' dir='ltr'>cernet</span> 
     </span>
     <span class='ocr_line' id='line_1_6' title="bbox 295 1258 998 1328; baseline 0.007 -7"><span class='ocrx_word' id='word_1_36' title='bbox 295 1258 438 1325; x_wconf 89' lang='lat' dir='ltr'>Omnia:</span> <span class='ocrx_word' id='word_1_37' title='bbox 458 1261 498 1323; x_wconf 92' lang='lat' dir='ltr'>de</span> <span class='ocrx_word' id='word_1_38' title='bbox 518 1281 571 1325; x_wconf 89' lang='lat' dir='ltr'>me</span> <span class='ocrx_word' id='word_1_39' title='bbox 591 1283 660 1326; x_wconf 91' lang='lat' dir='ltr'>uno</span> <span class='ocrx_word' id='word_1_40' title='bbox 681 1265 804 1328; x_wconf 84' lang='lat' dir='ltr'>sentiet</span> <span class='ocrx_word' id='word_1_41' title='bbox 824 1264 881 1326; x_wconf 90' lang='lat' dir='ltr'>ille</span> <span class='ocrx_word' id='word_1_42' title='bbox 901 1265 998 1328; x_wconf 89' lang='lat' dir='ltr'><strong>nihil.</strong></span> 
     </span>
    </p>

    <p class='ocr_par' dir='ltr' id='par_1_4' title="bbox 251 1372 1259 1578">
     <span class='ocr_line' id='line_1_7' title="bbox 251 1372 1259 1460; baseline 0.005 -25"><span class='ocrx_word' id='word_1_43' title='bbox 251 1372 338 1451; x_wconf 82' lang='lat' dir='ltr'>Quid</span> <span class='ocrx_word' id='word_1_44' title='bbox 357 1373 514 1439; x_wconf 79' lang='lat' dir='ltr'>credam?</span> <span class='ocrx_word' id='word_1_45' title='bbox 532 1376 659 1460; x_wconf 90' lang='lat' dir='ltr'>Nempe</span> <span class='ocrx_word' id='word_1_46' title='bbox 678 1378 748 1441; x_wconf 78' lang='lat' dir='ltr'>hac</span> <span class='ocrx_word' id='word_1_47' title='bbox 769 1378 886 1442; x_wconf 89' lang='lat' dir='ltr'>eadem</span> <span class='ocrx_word' id='word_1_48' title='bbox 906 1399 940 1442; x_wconf 92' lang='lat' dir='ltr'>se</span> <span class='ocrx_word' id='word_1_49' title='bbox 960 1379 1043 1443; x_wconf 79' lang='lat' dir='ltr'>dixit</span> <span class='ocrx_word' id='word_1_50' title='bbox 1062 1398 1193 1442; x_wconf 88' lang='lat' dir='ltr'>amores</span> <span class='ocrx_word' id='word_1_51' title='bbox 1256 1389 1259 1396; x_wconf 86' lang='lat'>&#39;</span> 
     </span>
     <span class='ocr_line' id='line_1_8' title="bbox 295 1488 1055 1578; baseline 0.004 -24"><span class='ocrx_word' id='word_1_52' title='bbox 295 1488 457 1554; x_wconf 85' lang='lat' dir='ltr'>Gentibus</span> <span class='ocrx_word' id='word_1_53' title='bbox 476 1495 534 1555; x_wconf 91' lang='lat' dir='ltr'>aut</span> <span class='ocrx_word' id='word_1_54' title='bbox 553 1493 665 1557; x_wconf 89' lang='lat' dir='ltr'>herbis</span> <span class='ocrx_word' id='word_1_55' title='bbox 686 1494 814 1558; x_wconf 86' lang='lat' dir='ltr'>solvere</span> <span class='ocrx_word' id='word_1_56' title='bbox 832 1513 931 1578; x_wconf 90' lang='lat' dir='ltr'>posse</span> <span class='ocrx_word' id='word_1_57' title='bbox 951 1514 1055 1568; x_wconf 91' lang='lat' dir='ltr'>meos,</span> 
     </span>
    </p>

    <p class='ocr_par' dir='ltr' id='par_1_5' title="bbox 251 1604 1027 1806">
     <span class='ocr_line' id='line_1_9' title="bbox 251 1604 975 1684; baseline 0.01 -18"><span class='ocrx_word' id='word_1_58' title='bbox 251 1604 294 1667; x_wconf 87' lang='lat' dir='ltr'>Et</span> <span class='ocrx_word' id='word_1_59' title='bbox 312 1626 366 1668; x_wconf 91' lang='lat' dir='ltr'>me</span> <span class='ocrx_word' id='word_1_60' title='bbox 386 1606 543 1671; x_wconf 72' lang='lat' dir='ltr'>lustravit</span> <span class='ocrx_word' id='word_1_61' title='bbox 561 1609 664 1684; x_wconf 86' lang='lat' dir='ltr'>taedis,</span> <span class='ocrx_word' id='word_1_62' title='bbox 687 1615 720 1674; x_wconf 87' lang='grc'>00</span> <span class='ocrx_word' id='word_1_63' title='bbox 739 1619 837 1673; x_wconf 87' lang='lat' dir='ltr'>nocte</span> <span class='ocrx_word' id='word_1_64' title='bbox 857 1630 975 1674; x_wconf 88' lang='lat' dir='ltr'>serene</span> 
     </span>
     <span class='ocr_line' id='line_1_10' title="bbox 296 1719 1027 1806; baseline 0.007 -22"><span class='ocrx_word' id='word_1_65' title='bbox 296 1719 449 1798; x_wconf 84' lang='lat' dir='ltr'>Concidit</span> <span class='ocrx_word' id='word_1_66' title='bbox 467 1722 510 1785; x_wconf 92' lang='lat' dir='ltr'>ad</span> <span class='ocrx_word' id='word_1_67' title='bbox 527 1725 676 1805; x_wconf 84' lang='lat' dir='ltr'>magicos</span> <span class='ocrx_word' id='word_1_68' title='bbox 694 1725 806 1787; x_wconf 89' lang='lat' dir='ltr'>hostia</span> <span class='ocrx_word' id='word_1_69' title='bbox 824 1725 919 1806; x_wconf 91' lang='lat' dir='ltr'>pulla</span> <span class='ocrx_word' id='word_1_70' title='bbox 938 1725 1027 1789; x_wconf 92' lang='lat' dir='ltr'>deos.</span> 
     </span>
    </p>

    <p class='ocr_par' dir='ltr' id='par_1_6' title="bbox 250 1833 1146 2036">
     <span class='ocr_line' id='line_1_11' title="bbox 250 1833 1146 1916; baseline 0.015 -19"><span class='ocrx_word' id='word_1_71' title='bbox 250 1833 326 1897; x_wconf 91' lang='lat' dir='ltr'>Non</span> <span class='ocrx_word' id='word_1_72' title='bbox 346 1854 406 1915; x_wconf 84' lang='lat' dir='ltr'>ego</span> <span class='ocrx_word' id='word_1_73' title='bbox 426 1838 517 1899; x_wconf 90' lang='lat' dir='ltr'>totus</span> <span class='ocrx_word' id='word_1_74' title='bbox 537 1838 669 1900; x_wconf 86' lang='lat' dir='ltr'>abesset</span> <span class='ocrx_word' id='word_1_75' title='bbox 689 1859 792 1916; x_wconf 86' lang='lat' dir='ltr'>amor,</span> <span class='ocrx_word' id='word_1_76' title='bbox 815 1840 872 1903; x_wconf 91' lang='lat' dir='ltr'>sed</span> <span class='ocrx_word' id='word_1_77' title='bbox 891 1843 1030 1903; x_wconf 90' lang='lat' dir='ltr'>mutuus</span> <span class='ocrx_word' id='word_1_78' title='bbox 1050 1844 1146 1909; x_wconf 83' lang='lat' dir='ltr'>esset.</span> 
     </span>
     <span class='ocr_line' id='line_1_12' title="bbox 297 1949 964 2036; baseline 0.01 -22"><span class='ocrx_word' id='word_1_79' title='bbox 297 1949 451 2029; x_wconf 88' lang='lat' dir='ltr'>Orabam,</span> <span class='ocrx_word' id='word_1_80' title='bbox 473 1973 535 2016; x_wconf 92' lang='lat' dir='ltr'>neo</span> <span class='ocrx_word' id='word_1_81' title='bbox 554 1957 587 2018; x_wconf 92' lang='lat' dir='ltr'>te</span> <span class='ocrx_word' id='word_1_82' title='bbox 604 1975 703 2036; x_wconf 90' lang='lat' dir='ltr'>posse</span> <span class='ocrx_word' id='word_1_83' title='bbox 723 1976 833 2020; x_wconf 89' lang='lat' dir='ltr'>carere</span> <span class='ocrx_word' id='word_1_84' title='bbox 853 1957 964 2021; x_wconf 84' lang='lat' dir='ltr'>velim.</span> 
     </span>
    </p>

    <p class='ocr_par' dir='ltr' id='par_1_7' title="bbox 250 2065 1076 2267">
     <span class='ocr_line' id='line_1_13' title="bbox 250 2065 1076 2153; baseline 0.008 -25"><span class='ocrx_word' id='word_1_85' title='bbox 250 2065 393 2130; x_wconf 83' lang='lat' dir='ltr'>Ferreus</span> <span class='ocrx_word' id='word_1_86' title='bbox 412 2068 470 2131; x_wconf 91' lang='lat' dir='ltr'>ille</span> <span class='ocrx_word' id='word_1_87' title='bbox 491 2069 564 2145; x_wconf 86' lang='lat' dir='ltr'>fuit,</span> <span class='ocrx_word' id='word_1_88' title='bbox 585 2071 642 2152; x_wconf 90' lang='lat' dir='ltr'>qui</span> <span class='ocrx_word' id='word_1_89' title='bbox 661 2074 694 2134; x_wconf 91' lang='lat' dir='ltr'>te</span> <span class='ocrx_word' id='word_1_90' title='bbox 714 2091 791 2134; x_wconf 89' lang='lat' dir='ltr'>oum</span> <span class='ocrx_word' id='word_1_91' title='bbox 810 2075 925 2153; x_wconf 90' lang='lat' dir='ltr'>posset</span> <span class='ocrx_word' id='word_1_92' title='bbox 944 2071 1076 2146; x_wconf 89' lang='lat' dir='ltr'>habere,</span> 
     </span>
     <span class='ocr_line' id='line_1_14' title="bbox 296 2181 1032 2267; baseline 0.007 -23"><span class='ocrx_word' id='word_1_93' title='bbox 296 2181 454 2246; x_wconf 73' lang='lat' dir='ltr'>Maluerit</span> <span class='ocrx_word' id='word_1_94' title='bbox 473 2184 602 2265; x_wconf 86' lang='lat' dir='ltr'>praedas</span> <span class='ocrx_word' id='word_1_95' title='bbox 623 2186 744 2249; x_wconf 87' lang='lat' dir='ltr'>stultus</span> <span class='ocrx_word' id='word_1_96' title='bbox 765 2191 797 2249; x_wconf 90' lang='grc'>00</span> <span class='ocrx_word' id='word_1_97' title='bbox 816 2205 910 2248; x_wconf 89' lang='lat' dir='ltr'>arma</span> <span class='ocrx_word' id='word_1_98' title='bbox 930 2187 1032 2267; x_wconf 91' lang='lat' dir='ltr'>sequi.</span> 
     </span>
    </p>

    <p class='ocr_par' dir='ltr' id='par_1_8' title="bbox 250 2299 1067 2498">
     <span class='ocr_line' id='line_1_15' title="bbox 250 2299 1067 2384; baseline 0.005 -22"><span class='ocrx_word' id='word_1_99' title='bbox 250 2299 312 2363; x_wconf 90' lang='lat' dir='ltr'>Ille</span> <span class='ocrx_word' id='word_1_100' title='bbox 331 2301 410 2364; x_wconf 90' lang='lat' dir='ltr'>licet</span> <span class='ocrx_word' id='word_1_101' title='bbox 429 2300 569 2366; x_wconf 83' lang='lat' dir='ltr'>Cilicum</span> <span class='ocrx_word' id='word_1_102' title='bbox 589 2303 694 2366; x_wconf 85' lang='lat' dir='ltr'>victas</span> <span class='ocrx_word' id='word_1_103' title='bbox 715 2306 791 2384; x_wconf 84' lang='lat' dir='ltr'>agat</span> <span class='ocrx_word' id='word_1_104' title='bbox 811 2306 889 2364; x_wconf 86' lang='lat' dir='ltr'>ante</span> <span class='ocrx_word' id='word_1_105' title='bbox 910 2306 1067 2376; x_wconf 87' lang='lat' dir='ltr'>catervas,</span> 
     </span>
     <span class='ocr_line' id='line_1_16' title="bbox 297 2416 1001 2498; baseline 0.001 -20"><span class='ocrx_word' id='word_1_106' title='bbox 297 2416 406 2479; x_wconf 85' lang='lat' dir='ltr'>Ponat</span> <span class='ocrx_word' id='word_1_107' title='bbox 426 2417 513 2479; x_wconf 90' lang='lat' dir='ltr'>etin</span> <span class='ocrx_word' id='word_1_108' title='bbox 533 2420 630 2498; x_wconf 90' lang='lat' dir='ltr'>cepto</span> <span class='ocrx_word' id='word_1_109' title='bbox 650 2416 772 2480; x_wconf 91' lang='lat' dir='ltr'>Martia</span> <span class='ocrx_word' id='word_1_110' title='bbox 792 2418 1001 2492; x_wconf 87' lang='grc'><strong>0000000010,</strong></span> 
     </span>
    </p>

    <p class='ocr_par' dir='ltr' id='par_1_9' title="bbox 251 2530 1041 2729">
     <span class='ocr_line' id='line_1_17' title="bbox 251 2530 1041 2614; baseline 0.003 -21"><span class='ocrx_word' id='word_1_111' title='bbox 251 2530 354 2594; x_wconf 82' lang='lat' dir='ltr'>Totus</span> <span class='ocrx_word' id='word_1_112' title='bbox 374 2533 408 2594; x_wconf 88' lang='grc'>00</span> <span class='ocrx_word' id='word_1_113' title='bbox 426 2535 565 2614; x_wconf 85' lang='lat' dir='ltr'>argento</span> <span class='ocrx_word' id='word_1_114' title='bbox 586 2535 769 2608; x_wconf 85' lang='lat' dir='ltr'>contextus,</span> <span class='ocrx_word' id='word_1_115' title='bbox 795 2537 886 2596; x_wconf 88' lang='lat' dir='ltr'>totus</span> <span class='ocrx_word' id='word_1_116' title='bbox 907 2536 940 2595; x_wconf 90' lang='lat' dir='ltr'>et</span> <span class='ocrx_word' id='word_1_117' title='bbox 959 2552 1041 2595; x_wconf 90' lang='lat' dir='ltr'>euro</span> 
     </span>
     <span class='ocr_line' id='line_1_18' title="bbox 296 2646 967 2729; baseline 0.003 -21"><span class='ocrx_word' id='word_1_118' title='bbox 296 2646 444 2710; x_wconf 89' lang='lat' dir='ltr'>Insideat</span> <span class='ocrx_word' id='word_1_119' title='bbox 464 2646 565 2710; x_wconf 87' lang='lat' dir='ltr'>celeri</span> <span class='ocrx_word' id='word_1_120' title='bbox 584 2647 841 2729; x_wconf 87' lang='lat' dir='ltr'>conspiciendus</span> <span class='ocrx_word' id='word_1_121' title='bbox 862 2667 967 2729; x_wconf 91' lang='lat' dir='ltr'>equo:</span> 
     </span>
    </p>

    <p class='ocr_par' dir='ltr' id='par_1_10' title="bbox 250 2760 1111 2959">
     <span class='ocr_line' id='line_1_19' title="bbox 250 2760 1111 2843; baseline 0.002 -21"><span class='ocrx_word' id='word_1_122' title='bbox 250 2760 326 2842; x_wconf 89' lang='lat' dir='ltr'>Ipse</span> <span class='ocrx_word' id='word_1_123' title='bbox 348 2762 449 2825; x_wconf 87' lang='lat' dir='ltr'>boves</span> <span class='ocrx_word' id='word_1_124' title='bbox 468 2781 544 2825; x_wconf 90' lang='lat' dir='ltr'>mea</span> <span class='ocrx_word' id='word_1_125' title='bbox 564 2763 592 2825; x_wconf 91' lang='lat' dir='ltr'>si</span> <span class='ocrx_word' id='word_1_126' title='bbox 612 2766 725 2825; x_wconf 90' lang='lat' dir='ltr'>tecum</span> <span class='ocrx_word' id='word_1_127' title='bbox 744 2762 846 2825; x_wconf 92' lang='lat' dir='ltr'>modo</span> <span class='ocrx_word' id='word_1_128' title='bbox 866 2761 964 2824; x_wconf 91' lang='lat' dir='ltr'>Delia</span> <span class='ocrx_word' id='word_1_129' title='bbox 983 2763 1111 2843; x_wconf 88' lang='lat' dir='ltr'>possim</span> 
     </span>
     <span class='ocr_line' id='line_1_20' title="bbox 295 2876 1064 2959; baseline -0.001 -21"><span class='ocrx_word' id='word_1_130' title='bbox 295 2876 438 2959; x_wconf 85' lang='lat' dir='ltr'>Iungere</span> <span class='ocrx_word' id='word_1_131' title='bbox 458 2881 490 2940; x_wconf 91' lang='lat' dir='ltr'>et</span> <span class='ocrx_word' id='word_1_132' title='bbox 510 2878 545 2940; x_wconf 89' lang='lat' dir='ltr'>in</span> <span class='ocrx_word' id='word_1_133' title='bbox 566 2878 640 2940; x_wconf 91' lang='lat' dir='ltr'>solo</span> <span class='ocrx_word' id='word_1_134' title='bbox 658 2898 795 2958; x_wconf 89' lang='lat' dir='ltr'>pascere</span> <span class='ocrx_word' id='word_1_135' title='bbox 815 2880 930 2939; x_wconf 90' lang='lat' dir='ltr'>monte</span> <span class='ocrx_word' id='word_1_136' title='bbox 952 2896 1064 2956; x_wconf 87' lang='lat' dir='ltr'>pecus,</span> 
     </span>
    </p>

    <p class='ocr_par' dir='ltr' id='par_1_11' title="bbox 251 2992 1082 3172">
     <span class='ocr_line' id='line_1_21' title="bbox 251 2992 1038 3068; baseline -0.003 -13"><span class='ocrx_word' id='word_1_137' title='bbox 251 2992 294 3055; x_wconf 82' lang='lat' dir='ltr'>Et</span> <span class='ocrx_word' id='word_1_138' title='bbox 312 2996 345 3055; x_wconf 92' lang='lat' dir='ltr'>te</span> <span class='ocrx_word' id='word_1_139' title='bbox 366 2992 447 3055; x_wconf 90' lang='lat' dir='ltr'>dum</span> <span class='ocrx_word' id='word_1_140' title='bbox 465 2992 566 3055; x_wconf 87' lang='lat' dir='ltr'>liceat</span> <span class='ocrx_word' id='word_1_141' title='bbox 585 2993 711 3055; x_wconf 85' lang='lat' dir='ltr'>teneris</span> <span class='ocrx_word' id='word_1_142' title='bbox 730 2992 875 3054; x_wconf 83' lang='lat' dir='ltr'>retinere</span> <span class='ocrx_word' id='word_1_143' title='bbox 894 2992 1038 3068; x_wconf 87' lang='lat' dir='ltr'>lacertis,</span> 
     </span>
     <span class='ocr_line' id='line_1_22' title="bbox 295 3105 1082 3172; baseline -0.001 -1"><span class='ocrx_word' id='word_1_144' title='bbox 295 3107 410 3172; x_wconf 88' lang='lat' dir='ltr'>Mollis</span> <span class='ocrx_word' id='word_1_145' title='bbox 430 3110 463 3169; x_wconf 87' lang='lat' dir='ltr'>et</span> <span class='ocrx_word' id='word_1_146' title='bbox 481 3107 517 3169; x_wconf 91' lang='lat' dir='ltr'>in</span> <span class='ocrx_word' id='word_1_147' title='bbox 538 3105 620 3168; x_wconf 87' lang='lat' dir='ltr'>dura</span> <span class='ocrx_word' id='word_1_148' title='bbox 641 3107 684 3168; x_wconf 88' lang='grc'>010</span> <span class='ocrx_word' id='word_1_149' title='bbox 702 3105 787 3168; x_wconf 89' lang='lat' dir='ltr'>mihi</span> <span class='ocrx_word' id='word_1_150' title='bbox 809 3125 948 3168; x_wconf 89' lang='lat' dir='ltr'>somnus</span> <span class='ocrx_word' id='word_1_151' title='bbox 968 3106 1082 3170; x_wconf 91' lang='lat' dir='ltr'>humo.</span> 
     </span>
    </p>

    <p class='ocr_par' dir='ltr' id='par_1_12' title="bbox 251 3221 1121 3417">
     <span class='ocr_line' id='line_1_23' title="bbox 251 3221 1121 3304; baseline -0.002 -18"><span class='ocrx_word' id='word_1_152' title='bbox 251 3222 339 3301; x_wconf 83' lang='lat' dir='ltr'>Quid</span> <span class='ocrx_word' id='word_1_153' title='bbox 358 3222 455 3304; x_wconf 80' lang='lat' dir='ltr'>Tyrio</span> <span class='ocrx_word' id='word_1_154' title='bbox 475 3223 632 3287; x_wconf 88' lang='lat' dir='ltr'>recubare</span> <span class='ocrx_word' id='word_1_155' title='bbox 652 3226 725 3286; x_wconf 87' lang='lat' dir='ltr'>toro</span> <span class='ocrx_word' id='word_1_156' title='bbox 746 3223 819 3286; x_wconf 91' lang='lat' dir='ltr'>sine</span> <span class='ocrx_word' id='word_1_157' title='bbox 840 3242 953 3285; x_wconf 89' lang='lat' dir='ltr'>amore</span> <span class='ocrx_word' id='word_1_158' title='bbox 974 3221 1121 3285; x_wconf 88' lang='lat' dir='ltr'>secundo</span> 
     </span>
     <span class='ocr_line' id='line_1_24' title="bbox 295 3335 1053 3417; baseline -0.003 -16"><span class='ocrx_word' id='word_1_159' title='bbox 295 3337 443 3410; x_wconf 86' lang='lat' dir='ltr'>Prodest,</span> <span class='ocrx_word' id='word_1_160' title='bbox 466 3357 541 3400; x_wconf 91' lang='lat' dir='ltr'>cum</span> <span class='ocrx_word' id='word_1_161' title='bbox 561 3335 643 3400; x_wconf 89' lang='lat' dir='ltr'>fletu</span> <span class='ocrx_word' id='word_1_162' title='bbox 661 3357 727 3400; x_wconf 81' lang='lat' dir='ltr'>nox</span> <span class='ocrx_word' id='word_1_163' title='bbox 746 3337 917 3417; x_wconf 85' lang='lat' dir='ltr'>vigilanda</span> <span class='ocrx_word' id='word_1_164' title='bbox 935 3339 1053 3400; x_wconf 81' lang='lat' dir='ltr'>venit?</span> 
     </span>
    </p>

    <p class='ocr_par' dir='ltr' id='par_1_13' title="bbox 251 3453 1241 3652">
     <span class='ocr_line' id='line_1_25' title="bbox 251 3453 1241 3536; baseline -0.002 -18"><span class='ocrx_word' id='word_1_165' title='bbox 251 3454 279 3518; x_wconf 91' lang='lat' dir='ltr'>N</span> <span class='ocrx_word' id='word_1_166' title='bbox 283 3474 336 3518; x_wconf 91' lang='lat' dir='ltr'>am</span> <span class='ocrx_word' id='word_1_167' title='bbox 356 3474 465 3536; x_wconf 92' lang='lat' dir='ltr'>neque</span> <span class='ocrx_word' id='word_1_168' title='bbox 485 3457 566 3517; x_wconf 89' lang='lat' dir='ltr'>tunc</span> <span class='ocrx_word' id='word_1_169' title='bbox 584 3454 708 3536; x_wconf 90' lang='lat' dir='ltr'>plumae</span> <span class='ocrx_word' id='word_1_170' title='bbox 727 3473 789 3516; x_wconf 90' lang='lat' dir='ltr'>nec</span> <span class='ocrx_word' id='word_1_171' title='bbox 810 3453 958 3534; x_wconf 83' lang='lat' dir='ltr'>stragula</span> <span class='ocrx_word' id='word_1_172' title='bbox 976 3454 1067 3533; x_wconf 81' lang='lat' dir='ltr'>picta</span> <span class='ocrx_word' id='word_1_173' title='bbox 1086 3472 1241 3535; x_wconf 89' lang='lat' dir='ltr'>soporem</span> 
     </span>
     <span class='ocr_line' id='line_1_26' title="bbox 297 3570 1073 3652; baseline -0.003 -19"><span class='ocrx_word' id='word_1_174' title='bbox 297 3571 363 3634; x_wconf 89' lang='lat' dir='ltr'>Nec</span> <span class='ocrx_word' id='word_1_175' title='bbox 384 3571 515 3633; x_wconf 89' lang='lat' dir='ltr'>sonitus</span> <span class='ocrx_word' id='word_1_176' title='bbox 534 3570 672 3652; x_wconf 80' lang='lat' dir='ltr'>placidae</span> <span class='ocrx_word' id='word_1_177' title='bbox 692 3570 813 3633; x_wconf 89' lang='lat' dir='ltr'>ducere</span> <span class='ocrx_word' id='word_1_178' title='bbox 837 3575 952 3652; x_wconf 87' lang='lat' dir='ltr'>posset</span> <span class='ocrx_word' id='word_1_179' title='bbox 971 3589 1073 3650; x_wconf 73' lang='lat' dir='ltr'>equae.</span> 
     </span>
    </p>

    <p class='ocr_par' dir='ltr' id='par_1_14' title="bbox 251 3683 1082 3882">
     <span class='ocr_line' id='line_1_27' title="bbox 251 3683 1082 3766; baseline -0.004 -18"><span class='ocrx_word' id='word_1_180' title='bbox 251 3684 339 3748; x_wconf 91' lang='lat' dir='ltr'>Num</span> <span class='ocrx_word' id='word_1_181' title='bbox 358 3683 497 3747; x_wconf 87' lang='lat' dir='ltr'>Veneris</span> <span class='ocrx_word' id='word_1_182' title='bbox 515 3705 646 3766; x_wconf 84' lang='lat' dir='ltr'>magnae</span> <span class='ocrx_word' id='word_1_183' title='bbox 666 3685 790 3748; x_wconf 84' lang='lat' dir='ltr'>violavi</span> <span class='ocrx_word' id='word_1_184' title='bbox 810 3685 953 3747; x_wconf 90' lang='lat' dir='ltr'>numine</span> <span class='ocrx_word' id='word_1_185' title='bbox 972 3683 1082 3757; x_wconf 87' lang='lat' dir='ltr'>verbo,</span> 
     </span>
     <span class='ocr_line' id='line_1_28' title="bbox 295 3799 1044 3882; baseline -0.001 -19"><span class='ocrx_word' id='word_1_186' title='bbox 295 3800 338 3863; x_wconf 83' lang='lat' dir='ltr'>Et</span> <span class='ocrx_word' id='word_1_187' title='bbox 357 3819 433 3863; x_wconf 92' lang='lat' dir='ltr'>mea</span> <span class='ocrx_word' id='word_1_188' title='bbox 450 3819 541 3862; x_wconf 91' lang='lat' dir='ltr'>nunc</span> <span class='ocrx_word' id='word_1_189' title='bbox 558 3821 677 3882; x_wconf 88' lang='lat' dir='ltr'>poenes</span> <span class='ocrx_word' id='word_1_190' title='bbox 698 3799 802 3882; x_wconf 88' lang='lat' dir='ltr'>impie</span> <span class='ocrx_word' id='word_1_191' title='bbox 820 3800 937 3878; x_wconf 83' lang='lat' dir='ltr'>lingue</span> <span class='ocrx_word' id='word_1_192' title='bbox 955 3799 1044 3862; x_wconf 80' lang='lat' dir='ltr'>luit?</span> 
     </span>
    </p>

    <p class='ocr_par' dir='ltr' id='par_1_15' title="bbox 251 3913 1029 3978">
     <span class='ocr_line' id='line_1_29' title="bbox 251 3913 1029 3978; baseline -0.004 0"><span class='ocrx_word' id='word_1_193' title='bbox 251 3914 339 3978; x_wconf 93' lang='lat' dir='ltr'>Num</span> <span class='ocrx_word' id='word_1_194' title='bbox 359 3915 446 3977; x_wconf 88' lang='lat' dir='ltr'>feror</span> <span class='ocrx_word' id='word_1_195' title='bbox 466 3915 613 3977; x_wconf 87' lang='lat' dir='ltr'>incestus</span> <span class='ocrx_word' id='word_1_196' title='bbox 634 3915 728 3978; x_wconf 90' lang='lat' dir='ltr'>sedes</span> <span class='ocrx_word' id='word_1_197' title='bbox 749 3913 871 3977; x_wconf 88' lang='lat' dir='ltr'>adiisse</span> <span class='ocrx_word' id='word_1_198' title='bbox 891 3913 1029 3976; x_wconf 90' lang='lat' dir='ltr'>deorum</span> 
     </span>
    </p>
   </div>
   <div class='ocr_carea' id='block_1_2' title="bbox 253 4025 1171 4335">
    <p class='ocr_par' dir='ltr' id='par_1_16' title="bbox 253 4025 1171 4335">
     <span class='ocr_line' id='line_1_30' title="bbox 297 4025 998 4111; baseline -0.006 -17"><span class='ocrx_word' id='word_1_199' title='bbox 297 4029 458 4111; x_wconf 80' lang='lat' dir='ltr'>Sertaque</span> <span class='ocrx_word' id='word_1_200' title='bbox 478 4025 517 4093; x_wconf 90' lang='lat' dir='ltr'>de</span> <span class='ocrx_word' id='word_1_201' title='bbox 538 4032 663 4093; x_wconf 85' lang='lat' dir='ltr'>sanctis</span> <span class='ocrx_word' id='word_1_202' title='bbox 684 4030 871 4110; x_wconf 87' lang='lat' dir='ltr'>deripuisse</span> <span class='ocrx_word' id='word_1_203' title='bbox 892 4029 998 4092; x_wconf 75' lang='lat' dir='ltr'>focis?</span> 
     </span>
     <span class='ocr_line' id='line_1_31' title="bbox 253 4143 1171 4227; baseline -0.003 -19"><span class='ocrx_word' id='word_1_204' title='bbox 253 4143 328 4208; x_wconf 92' lang='lat' dir='ltr'>Non</span> <span class='ocrx_word' id='word_1_205' title='bbox 349 4165 419 4227; x_wconf 85' lang='lat' dir='ltr'>ego,</span> <span class='ocrx_word' id='word_1_206' title='bbox 441 4146 469 4208; x_wconf 91' lang='lat' dir='ltr'>si</span> <span class='ocrx_word' id='word_1_207' title='bbox 487 4147 606 4223; x_wconf 89' lang='lat' dir='ltr'>merui,</span> <span class='ocrx_word' id='word_1_208' title='bbox 628 4146 778 4210; x_wconf 89' lang='lat' dir='ltr'>dubitem</span> <span class='ocrx_word' id='word_1_209' title='bbox 798 4145 1017 4226; x_wconf 87' lang='lat' dir='ltr'>procumbere</span> <span class='ocrx_word' id='word_1_210' title='bbox 1037 4144 1171 4225; x_wconf 91' lang='lat' dir='ltr'>templis</span> 
     </span>
     <span class='ocr_line' id='line_1_32' title="bbox 296 4258 934 4335; baseline -0.003 -11"><span class='ocrx_word' id='word_1_211' title='bbox 296 4261 338 4325; x_wconf 85' lang='lat' dir='ltr'>Et</span> <span class='ocrx_word' id='word_1_212' title='bbox 358 4258 436 4325; x_wconf 87' lang='lat' dir='ltr'>dare</span> <span class='ocrx_word' id='word_1_213' title='bbox 457 4262 595 4325; x_wconf 87' lang='lat' dir='ltr'>sacratis</span> <span class='ocrx_word' id='word_1_214' title='bbox 616 4262 730 4325; x_wconf 89' lang='lat' dir='ltr'>oscula</span> <span class='ocrx_word' id='word_1_215' title='bbox 749 4261 934 4335; x_wconf 87' lang='lat' dir='ltr'>liminibus,</span> 
     </span>
    </p>
   </div>
   <div class='ocr_carea' id='block_1_3' title="bbox 0 0 1661 4896">
    <p class='ocr_par' dir='ltr' id='par_1_17' title="bbox 0 0 1661 4896">
     <span class='ocr_line' id='line_1_33' title="bbox 0 0 1661 4896; baseline 0 0"><span class='ocrx_word' id='word_1_216' title='bbox 0 0 1661 4896; x_wconf 95' lang='lat' dir='ltr'> </span> 
     </span>
    </p>
   </div>
  </div>
 </body>
</html>
