3306 4896
300 415 335 465 60
829 438 864 480 11.
883 434 908 479 5.

259 641 288 679 ss
347 610 479 674 Oblitus
497 615 530 674 et
548 614 658 674 musto
678 612 776 675 feriet
793 611 878 694 pede
898 614 1047 676 rusticus
1061 629 1152 685 usos,
1352 607 1354 611 ’

389 727 489 791 Delio
507 726 587 790 dum
606 728 721 807 magni
740 725 960 809 deficiantque
980 728 1090 791 iscus:

346 847 392 910 Ao
411 842 565 906 madidus
583 843 725 907 Baccho
737 863 797 906 sus
813 845 898 906 festo
918 844 1038 908 Palilia,
1056 850 1172 927 pastor

391 956 571 1022 Concinet:
593 979 613 1022 s
632 958 775 1021 stabulis
794 960 875 1020 tuno
893 960 1012 1039 procui
1030 964 1109 1035 este,
1130 962 1211 1043 lupi.

345 1073 407 1136 Ille
426 1073 510 1136 levis
531 1072 663 1154 stipulae
684 1072 857 1135 sollemnis
876 1077 976 1154 potus
996 1094 1131 1139 oservos
1201 1109 1203 1116 ⁴
1250 1098 1251 1106 ¹
1326 1111 1328 1118 ·

258 1225 289 1260 eo
391 1187 565 1263 Ascendet,
587 1185 741 1250 flammas
759 1188 993 1269 transilietque
1014 1207 1134 1252 sacros.

344 1305 387 1367 Et
409 1306 496 1367 fetus
517 1308 670 1368 metrone
689 1302 797 1380 dobib‘
812 1308 979 1385 nutusque
997 1307 1127 1386 perent'

390 1420 513 1484 Oscula
531 1422 739 1504 comprensis
759 1421 895 1484 curibus
916 1423 1043 1504 eripiet,
1083 1439 1085 1446 ’
1188 1437 1191 1444 ’

343 1537 410 1600 Neo
430 1537 564 1600 taedebit
583 1557 682 1599 avum
701 1557 804 1618 psrvo
825 1536 1005 1619 advigilare
1025 1540 1140 1620 nepoti

388 1653 558 1734 Bolboque
579 1673 655 1715 cum
673 1672 777 1733 puero
799 1651 907 1715 dicere
926 1653 1027 1716 verbs
1046 1672 1172 1718 senem.

257 1802 287 1838 cs
343 1769 435 1832 Tunc
456 1775 592 1850 operatu
611 1768 673 1831 deo
693 1768 798 1849 pubes
818 1769 1004 1832 discumbet
1024 1771 1060 1832 in
1080 1770 1192 1844 herbo,

390 1885 525 1947 Arboris
546 1885 691 1965 antiquae
712 1884 878 1964 qualevis
898 1884 1016 1947 umbro
1036 1885 1133 1962 cedit,

343 2000 410 2062 Aut
428 2019 444 2060 e
464 2001 555 2062 veste
577 2019 637 2061 suo
655 1999 796 2062 tendent
814 1999 1011 2064 umbraculo
1031 2002 1128 2064 sertis

389 2115 516 2190 Vincta,
538 2119 717 2178 coronatus
738 2115 839 2178 stabit
859 2119 892 2178 et
911 2118 982 2196 ipse
1002 2117 1096 2192 cclix,

343 2231 386 2293 At
406 2229 468 2292 sibi
489 2229 628 2312 quisque
648 2230 751 2310 depes
771 2233 804 2291 et
824 2231 926 2294 festos
946 2234 1094 2293 exstruet
1113 2231 1179 2293 slte

244 2379 287 2416 100
382 2344 585 2427 Caespitibus
603 2365 738 2408 menses
759 2345 1014 2426 caespitibusque
1033 2349 1156 2409 torum.

342 2461 477 2541 Ingeret
495 2460 549 2524 hic
568 2464 668 2542 potus
688 2459 820 2522 iuvenis
839 2459 1018 2524 moledicte
1036 2461 1166 2541 puellos,

387 2575 567 2639 Postmodo
587 2595 659 2658 quae
680 2576 765 2638 votis
785 2575 880 2638 irrito
899 2577 985 2639 facts
1005 2577 1103 2638 velit:

342 2691 428 2754 Nom
448 2693 537 2754 ferus
557 2693 614 2754 ilie
635 2712 702 2755 suae
722 2691 868 2773 plorabit
887 2692 1018 2754 sobrius
1038 2693 1126 2755 idem

387 2807 430 2869 Et
449 2828 483 2870 ss
503 2807 625 2870 iurabit
642 2810 756 2870 mente
776 2807 879 2870 fuisse
899 2807 997 2869 mala.

244 2957 286 2993 105
345 2923 430 2986 Pace
449 2928 508 2987 tuo
525 2929 665 3006 pereunt
685 2944 780 2987 orcus
799 2928 1005 3006 pereantque
1026 2926 1165 3006 sogittae,

390 3038 522 3113 Phoebe,
544 3038 643 3102 modo
664 3040 817 3102 interris
838 3044 924 3103 erret
944 3041 1082 3104 inermis
1101 3040 1212 3103 Amor.

343 3154 405 3218 Ars
424 3154 533 3218 bons:
555 3154 612 3218 ssd
632 3159 810 3236 postquem
831 3156 974 3236 sumpsit
994 3156 1059 3219 sibi
1077 3157 1146 3218 telo
1165 3155 1302 3237 Cupido,

388 3271 464 3333 Heu
484 3273 551 3334 heu
570 3292 671 3353 quom
691 3271 807 3334 muibis
827 3292 880 3335 ors
899 3272 991 3335 dedit
1009 3274 1074 3336 ists
1092 3272 1240 3334 molum!

342 3387 385 3448 Et
405 3387 491 3450 mihi
510 3388 685 3468 praeoipue.
707 3389 804 3451 Ioceo
824 3409 900 3451 oum
921 3389 1054 3451 ssuoius
1074 3407 1202 3450 annum

243 3534 286 3570 110
387 3502 430 3564 Et
451 3502 546 3565 foveo
565 3503 693 3578 morbo
715 3522 791 3564 oum
810 3503 903 3565 iuvet
922 3504 994 3583 ipse
1014 3501 1119 3577 dolor,

342 3617 458 3698 Usque
477 3637 561 3680 oeno
581 3619 760 3694 Nemesim,
783 3619 855 3680 sine
876 3639 941 3700 qus
961 3637 1076 3681 versus
1094 3618 1180 3680 mihi
1200 3618 1314 3681 nullus

387 3733 496 3797 Verbo
515 3738 626 3815 potest
644 3735 751 3798 iustos
771 3739 828 3798 out
849 3735 993 3816 reperire
1013 3735 1123 3816 pedes.

341 3848 383 3911 At
402 3851 449 3923 tu,
470 3870 550 3913 nom
569 3849 683 3912 divum
705 3855 814 3913 servat
832 3851 939 3914 tutelo
957 3856 1083 3932 poetes,

387 3964 591 4039 Praemoneo‚
612 3966 679 4028 voti
700 3985 807 4047 perce,
829 3968 953 4048 puella,
975 3986 1078 4041 sucre,

242 4109 284 4146 us
342 4079 386 4143 Ut
405 4078 627 4142 Messalinum
647 4081 820 4156 celebrem,
842 4103 919 4145 cum
937 4082 1075 4164 proemio
1094 4083 1173 4145 belli

387 4194 472 4256 Ante
493 4215 572 4258 suos
592 4216 707 4258 currus
728 4196 852 4278 oppido
871 4199 958 4261 victo
978 4200 1071 4275 feret,
