3306 4896
752 471 775 514 1.
794 467 819 514 8.

153 699 156 704 ι
272 644 387 709 Carior
406 651 456 709 est
475 665 555 708 auro
574 646 715 718 invenis,
739 647 790 708 cui
810 646 898 709 levia
918 644 1048 727 fulgent

315 759 382 824 Ora
399 779 462 822 nec
481 762 653 842 amplexus
674 780 791 842 aspera
809 759 912 824 barba
930 759 1019 822 terit.

271 875 359 938 Huic
378 881 415 938 tu
435 875 615 939 candentes
635 897 751 940 umero
772 897 924 959 suppone
944 876 1096 950 lacertos,

315 989 358 1055 Et
375 1012 491 1072 rogum
509 1011 640 1072 magnae
660 991 887 1072 despiciantur
906 1011 996 1072 opes.

271 1105 314 1167 At
331 1103 444 1168 Venus
463 1105 612 1168 inveniet
631 1125 735 1186 puero
755 1104 977 1170 concumbere
997 1106 1123 1180 furtim,

316 1219 403 1284 Dum
423 1226 531 1286 tumet
550 1227 582 1286 et
602 1227 735 1288 teneros
755 1225 901 1287 conserit
918 1243 1024 1306 usque
1045 1223 1148 1296 sinus,

271 1335 314 1398 Et
332 1337 411 1400 dare
431 1339 605 1403 anhelanti
625 1341 854 1422 pugnantibus
873 1339 988 1404 umida
1006 1339 1132 1420 linguis

317 1450 438 1517 Oscula
458 1455 544 1518 etin
564 1456 650 1518 collo
670 1454 769 1537 figere
789 1455 890 1519 dente
909 1461 1018 1519 notas.

272 1567 347 1631 Non
365 1569 451 1650 lapis
471 1572 559 1634 hanc
577 1591 781 1652 gemmaeque
800 1572 926 1646 iuvant,
948 1591 1020 1653 quae
1040 1571 1160 1650 frigore
1182 1569 1254 1633 sola

317 1684 469 1750 Dormiat
489 1691 521 1750 et
539 1686 623 1750 nulli
645 1688 689 1750 sit
708 1688 873 1769 cupienda
891 1687 972 1750 viro.

273 1799 350 1862 Heu
368 1821 442 1865 sero
463 1807 637 1865 revocatur
658 1823 751 1866 amor
770 1823 911 1884 seroque
932 1804 1049 1866 iuvent
1072 1822 1097 1870 s.

318 1914 401 1980 Cum
417 1925 514 1982 retus
534 1919 650 1982 infecit
670 1939 754 1982 cana
773 1924 908 1983 senecta
926 1922 1035 2002 caput.

272 2031 355 2096 Tum
376 2033 523 2096 studium
542 2035 657 2097 iormae
678 2040 746 2098 est:
766 2056 862 2099 coma
881 2038 954 2098 tum
969 2037 1128 2108 mutatur,
1146 2037 1183 2096 ut
1201 2051 1308 2094 annos

317 2146 514 2214 Dissimulet
531 2151 631 2214 viridi
650 2153 771 2215 cortice
791 2152 897 2214 tincta
915 2152 1031 2214 nucis:

273 2261 402 2327 Tollere
421 2268 494 2328 tum
513 2287 593 2329 cura
612 2270 663 2329 est
682 2267 776 2330 albos
797 2287 816 2329 a
837 2268 939 2349 stirpe
959 2266 1098 2348 capillos

318 2379 360 2442 Et
378 2382 499 2444 faciem
519 2381 656 2464 dempta
673 2384 761 2465 pelle
781 2386 903 2446 referre
923 2404 1054 2449 novam.

273 2494 316 2557 At
333 2498 379 2569 tu,
402 2497 480 2560 dum
499 2499 599 2580 primi
619 2499 716 2562 floret
735 2499 796 2562 tibi
816 2500 977 2581 temporis
997 2504 1086 2573 retas,

318 2611 438 2676 Utere:
457 2634 527 2676 non
546 2615 642 2677 tardo
662 2614 788 2678 labitur
807 2616 868 2678 illa
887 2614 980 2696 pede.

273 2726 345 2789 Neu
363 2726 556 2792 Marathum
576 2736 712 2811 torque:
732 2750 836 2811 puero
858 2751 929 2813 quae
949 2730 1055 2810 gloria
1074 2729 1161 2791 victo
1182 2731 1257 2791 est?

318 2842 357 2905 In
376 2850 504 2908 veteres
525 2849 596 2908 esto
616 2845 710 2920 dura,
730 2846 852 2927 puella.
874 2863 980 2908 senes.

273 2957 374 3022 Parce
391 2980 509 3042 precor
527 2963 662 3024 tenero:
682 2981 752 3024 non
772 2961 823 3023 illi
844 2961 972 3024 sontica
992 2980 1093 3023 causa
1113 2965 1170 3033 est,

319 3073 383 3138 Sed
400 3077 528 3140 nimius
546 3077 618 3141 luto
639 3097 778 3158 corpora
797 3078 897 3159 tingit
916 3096 1018 3140 amor.

273 3190 335 3254 Vel
352 3193 455 3256 miser
474 3193 605 3256 absenti
625 3198 758 3256 maestas
779 3214 878 3274 quam
899 3213 985 3274 saepe
1006 3192 1158 3274 querelas

318 3305 448 3371 Conicit
468 3313 500 3370 et
518 3309 665 3372 lacrimis
685 3310 799 3373 omnia
817 3311 919 3390 plena
937 3310 1092 3372 madent!

278 3422 382 3501 «Quid
402 3445 454 3486 me
475 3427 647 3506 spernislu
671 3428 727 3489 uit.
754 3426 906 3490 «Poterat
925 3426 1076 3489 custodia
1095 3425 1202 3489 vinci:

317 3538 392 3620 Ipse
411 3539 503 3602 dedit
521 3541 652 3623 cupidis
672 3542 790 3604 fallere
809 3562 909 3622 posse
930 3541 1021 3603 deus.

273 3653 360 3719 Nota
377 3653 491 3719 Venus
511 3658 632 3719 furtiva
651 3658 736 3719 mihi
758 3662 815 3734 est,
837 3663 875 3720 ut
892 3658 980 3722 lenis
1000 3660 1118 3738 agatur

319 3767 471 3852 Spiritus,
493 3777 529 3834 ut
548 3793 609 3834 neo
629 3771 710 3836 dent
730 3774 844 3836 oscula
863 3778 958 3854 rapta
979 3792 1118 3836 sonum:

273 3885 316 3948 Et
333 3906 472 3968 possum
491 3888 602 3952 media
621 3891 772 3971 quamvis
794 3890 951 3970 obrepere
971 3893 1068 3953 nocte

317 4001 360 4065 nt
378 4005 519 4086 strepitu
538 4006 633 4069 nullo
654 4007 740 4069 clam
760 4026 907 4069 reserare
928 4007 1024 4069 fores.

275 4117 361 4198 Quid
378 4127 521 4201 prosunt
540 4128 637 4192 artes.
659 4123 820 4185 miserum
841 4123 867 4184 si
889 4122 1017 4202 spernit
1037 4125 1207 4183 amantem

318 4234 360 4298 Et
378 4237 464 4317 fugit
484 4258 522 4300 ex
541 4239 614 4318 ipso
635 4258 721 4302 saeva
740 4237 853 4318 puella
870 4240 969 4301 toro?
