3306 4896
760 476 783 518 1.
806 471 847 517 10.

332 650 476 732 Postque
495 669 607 714 comes
626 671 749 733 purum
767 649 837 714 filia
856 671 959 732 parva
978 651 1101 714 favum.

286 765 329 829 At
346 766 445 831 nobis
464 769 572 843 serata
594 765 706 843 Lares,
728 766 885 848 depellite
904 766 979 841 tela,

332 1113 518 1196 Hostiaque
539 1135 556 1176 1
575 1113 677 1195 plena
695 1115 820 1178 rustica
838 1134 958 1196 porcus
980 1115 1069 1178 hera.

287 1227 384 1292 Hanc
403 1249 488 1311 pura
507 1249 582 1293 oum
602 1233 694 1293 veste
714 1249 835 1312 sequar
852 1234 1027 1311 myrtoque
1047 1231 1193 1293 canistra

332 1345 453 1408 Vincta
472 1365 594 1426 geram,
616 1348 725 1426 myrto
744 1345 877 1408 vinctus
897 1346 1021 1427 etipse
1041 1349 1149 1426 caput.

288 1458 342 1524 sie
360 1460 512 1542 placeam
531 1460 644 1525 vobis:
666 1461 751 1524 alius
772 1461 815 1523 sit
835 1461 931 1523 fortis
951 1460 987 1522 in
1007 1460 1117 1536 armis,

332 1574 466 1640 Sternat
486 1578 519 1639 11
537 1577 695 1640 adversos
713 1574 821 1638 Marte
842 1577 974 1638 fovente
994 1574 1103 1650 duces,

288 1691 333 1757 Ut
351 1691 437 1754 mihi
455 1691 588 1773 potanti
607 1691 715 1773 possit
735 1711 795 1753 sua
815 1689 924 1754 dicere
944 1691 1032 1754 facta

331 1806 431 1871 Miles
451 1811 484 1870 11
502 1807 539 1869 in
558 1827 675 1870 menes
694 1807 832 1888 pingere
852 1810 960 1870 castra
979 1828 1082 1870 mero.

289 1923 370 2002 Quis
389 1923 482 1985 furor
501 1926 551 1984 est
570 1926 677 1984 atram
696 1921 794 1984 bellis
815 1941 980 1984 arcessere
1000 1927 1167 1986 mortem?

332 2037 492 2102 Imminet
512 2042 544 2100 et
563 2038 664 2100 tacito
685 2037 771 2100 clam
790 2038 882 2100 venit
902 2036 962 2099 1111
981 2037 1074 2118 pede.

287 2153 364 2218 Non
383 2171 477 2234 seges
497 2152 662 2226 11111111,
685 2171 754 2214 non
774 2153 873 2214 vinea
893 2152 990 2226 culta,
1014 2151 1072 2215 sed
1092 2153 1199 2215 audax

333 2267 494 2332 Cerberus
514 2270 548 2330 11
566 2265 688 2348 Stygiae
708 2268 822 2330 navita
840 2269 949 2349 turpis
969 2288 1082 2349 aquae:

289 2385 362 2450 Illic
381 2384 608 2466 perfossisque
627 2383 721 2462 genis
741 2386 882 2464 ustoque
902 2383 1023 2465 capillo

331 2500 429 2563 Errat
449 2498 490 2562 ad
510 2497 668 2562 obscuros
688 2498 814 2578 pallida
833 2501 930 2564 turba
949 2501 1051 2564 lacus.

289 2617 396 2696 Quam
416 2616 529 2698 potius
548 2614 736 2678 laudandus
757 2617 811 2678 hic
830 2620 888 2691 111,
911 2637 1011 2698 quem
1029 2617 1122 2698 prole
1141 2620 1258 2698 persta

333 2731 481 2812 Occupat
500 2733 536 2793 in
555 2750 659 2812 parva
677 2730 772 2811 pigra
792 2735 927 2795 senecta
946 2732 1041 2795 case!

288 2849 364 2931 Ipse
385 2867 463 2912 suas
483 2850 628 2912 sectatur
647 2868 733 2923 oves,
756 2851 790 2912 at
808 2847 899 2913 filius
918 2869 1031 2931 agnos,

332 2964 375 3026 Et
393 2963 536 3026 calidam
556 2964 645 3026 fesso
665 2967 836 3044 comparat
855 2984 937 3027 uxor
957 2983 1087 3045 aquam.

289 3078 342 3144 Sic
362 3099 422 3160 ego
443 3078 514 3153 sim,
536 3076 700 3159 liceatque
720 3082 820 3159 caput
840 3078 1036 3142 candescere
1056 3079 1157 3153 canis,

332 3195 504 3276 Temporis
525 3196 558 3257 et
576 3193 677 3274 prisci
697 3194 785 3256 facta
804 3195 927 3256 referre
948 3213 1072 3257 senem.

287 3311 419 3375 Interea
439 3310 506 3372 Pax
525 3329 604 3372 arva
623 3309 719 3371 colat.
741 3309 807 3372 Pax
827 3308 967 3373 candida
986 3309 1132 3390 primum

331 3426 434 3490 Duxit
452 3428 604 3489 araturos
624 3424 685 3487 sub
704 3424 785 3505 iuga
803 3424 914 3504 penda
933 3424 1053 3490 boves:

288 3542 356 3606 Pax
380 3541 465 3604 cluit
483 3541 568 3604 vites
589 3545 621 3603 et
641 3559 738 3602 sucos
759 3539 908 3603 condidit
926 3561 1005 3615 uvae,

331 3656 500 3720 Funderet
518 3660 555 3719 ut
574 3660 654 3720 nato
673 3659 761 3718 testa
779 3660 920 3737 paterna
939 3676 1088 3720 merum:

288 3774 371 3837 Pace
390 3772 508 3835 bidens
528 3793 706 3853 vomerque
726 3773 845 3846 nitent,
867 3773 901 3832 at
920 3771 1030 3834 tristia
1050 3770 1124 3833 duri

332 3887 450 3950 Militis
469 3887 505 3950 in
524 3887 670 3950 tenebris
690 3891 830 3967 occupat
849 3904 942 3948 arma
961 3885 1055 3948 situs,

287 4233 444 4297 Rusticus
466 4253 482 4295 1
502 4234 642 4313 lucoque
662 4233 763 4305 vehit,
785 4233 872 4294 male
894 4231 1023 4295 sobrius
1044 4232 1124 4313 ipse,

1225 4352 1259 4402 q*
1302 4375 1310 4400 Ο
