3306 4896
665 456 709 501 in
724 458 747 501 r.
764 455 791 512 c,
810 453 936 502 er-ee.
1334 433 1369 488 77

233 635 321 699 dicet
339 658 346 711 ;
365 635 550 716 Pugnando
569 634 660 698 vinci
681 654 717 698 se
739 638 854 697 tamen
874 633 934 696 illa
953 633 1075 698 valeta
1097 669 1141 677 -
1160 635 1244 717 epta
1264 630 1362 699 dabit

232 752 288 827 ita,
309 757 348 815 ut
365 750 455 814 labia
473 749 701 814 osculantium
730 752 806 831 apte
824 749 1034 823 cohaereant3
1063 749 1103 812 cf.
1126 747 1183 812 Ov.
1205 748 1284 812 Her.
1310 751 1363 828 15,

235 860 430 932 lca-130:
466 865 607 931 «Oscula
634 885 811 946 cognosco,
842 885 914 946 quae
943 867 981 926 tu
1008 865 1217 928 committere
1237 864 1368 946 lingue:

231 986 382 1066 Aptaque
402 981 738 1064 cosueras'accipere,
760 984 838 1062 apta
858 979 970 1044 dare».
993 1031 996 1038 .

276 1099 314 1163 V.
334 1099 478 1163 57—60.
500 1100 591 1163 artes
612 1097 768 1174 miserae,
790 1096 1018 1171 miserabiles;
1040 1116 1093 1159 ars
1113 1096 1204 1158 enim
1225 1094 1365 1160 amandi·

232 1213 434 1277 miserabilis
454 1213 542 1275 iacta
562 1216 762 1294 estpropter
778 1210 891 1274 saeculi
905 1211 1091 1274 avaritiam.
1113 1246 1157 1253 -
1176 1207 1221 1273 At
1235 1209 1361 1294 tuqui

240 1327 402 1394 Venerem
429 1326 577 1394 docuisti
607 1325 753 1391 vendere
781 1326 930 1410 perimus,
963 1323 1127 1410 Quisquis
1160 1344 1207 1405 es,
1227 1324 1366 1409 ,infelice

232 1447 353 1528 respect
373 1462 454 1509 ossa
474 1443 572 1528 lapte,
594 1444 633 1506 ci.
657 1415 823 1508 Stratonis
848 1442 1057 1524 epigramma
1075 1441 1176 1506 Anth.
1197 1440 1265 1504 Pal.
1291 1439 1364 1504 ΧΠ.

234 1562 308 1634 912,
330 1561 426 1624 5-6.
448 1558 490 1623 ad
510 1579 652 1640 puerum
672 1562 841 1622 amatum:
861 1554 944 1622 Ἀλλ’
963 1557 1026 1646 ἤδη
1045 1561 1121 1640 πρὸς
1141 1556 1252 1640 κέρδος
1272 1555 1359 1644 ἔχεις

234 1679 359 1762 φρένας,
379 1675 422 1748 ὣς
442 1672 459 1740 ὁ
479 1673 607 1746 διδάξας
627 1671 789 1738 Τεθνάτω.
809 1709 855 1718 -
872 1651 1045 1746 Venerem,
1067 1692 1225 1736 amorem.
1247 1709 1291 1716 -
1309 1673 1361 1738 iu·

233 1790 321 1876 felice
347 1795 470 1876 respect
498 1809 578 1856 ossa
609 1790 711 1874 lapte,
740 1790 784 1854 sit
803 1791 864 1853 tibi
893 1790 981 1872 lapis
1010 1789 1207 1871 sepulcralis
1231 1790 1366 1870 gravis3'

234 1910 312 1989 apta
331 1911 383 1970 est
400 1908 465 1971 hoc
483 1906 557 1971 loco
577 1906 655 1970 telis
675 1907 866 1980 exsecratio,
888 1926 968 1969 nam
989 1906 1118 1988 antiqui
1137 1905 1280 1969 mortuis
1299 1905 1364 1968 sibi

233 2023 318 2086 caris
352 2027 468 2105 optare
500 2023 655 2086 solebant
702 2027 734 2086 et
769 2024 877 2105 cippis
920 2024 1022 2086 etiam
1050 2021 1251 2086 inscribere:
1294 2019 1364 2086 «Sit

233 2139 295 2202 tibi
323 2142 412 2203 terra
439 2138 554 2202 levis».
594 2137 642 2202 Of.
663 2139 761 2221 Prop.
782 2138 837 2202 IV.
868 2141 898 2213 5,
929 2139 1084 2203 73—742
1117 2135 1187 2202 «Sit
1211 2137 1365 2202 tumulus

233 2257 318 2318 lenae
347 2258 440 2318 curto
468 2259 564 2318 vetus
592 2255 757 2337 amphora
785 2256 883 2329 collo,
914 2255 1039 2338 Urgeat
1070 2256 1160 2318 hunc
1181 2275 1281 2338 supra
1299 2256 1362 2330 vis,

229 2369 392 2454 caprifice,
425 2373 523 2434 tuae».
544 2406 589 2415 —
608 2370 735 2455 baselice
765 2370 866 2454 lapte,
897 2373 1015 2454 cippus
1042 2371 1248 2454 sepulcralis,
1279 2371 1361 2452 quia

229 2484 387 2550 Manibus
406 2487 478 2548 erat
496 2488 655 2558 sacratus,
676 2488 714 2548 ut
734 2485 836 2548 etiam
856 2485 991 2549 arbores
1012 2485 1062 2548 dis
1082 2485 1200 2548 inferis
1222 2488 1358 2548 sacratae

228 2598 381 2662 infelices
410 2598 669 2681 appellabantur
696 2604 781 2664 teste
806 2599 951 2663 Macrob.
979 2597 1112 2663 Satum.
1143 2598 1201 2661 III.
1236 2599 1287 2673 ab,
1320 2601 1362 2662 3:

233 2714 443 2796 «Tarquitius
464 2719 577 2779 autem
595 2715 728 2779 Priscus
752 2716 789 2778 in
809 2714 1001 2778 Ostentario
1025 2714 1206 2778 Arborario
1227 2713 1273 2777 sic
1294 2712 1363 2778 ait:

229 2829 374 2906 arbores,
407 2850 479 2912 quae
510 2831 697 2894 inferorum
726 2831 865 2895 deorum
890 2832 1178 2912 avertentiumque
1198 2830 1234 2893 in
1254 2831 1362 2893 tutela

229 2950 317 3022 sunt,
339 2965 397 3010 eos
415 2946 568 3010 infelices
588 2949 803 3010 nominant».

274 3061 311 3125 V.
334 3062 475 3126 61-66.
507 3061 677 3140 Piericam,
709 3062 835 3136 Musas,
866 3082 1008 3144 quarum
1035 3063 1144 3143 patria
1173 3065 1244 3125 erat
1272 3065 1363 3125 terra

228 3177 339 3241 Pieria
356 3177 394 3241 in
418 3175 616 3242 Macedonia
647 3180 708 3241 sub
737 3181 853 3241 monte
885 3176 1049 3260 Olymp03
1079 3179 1119 3240 cf.
1150 3176 1277 3241 Phaedr.
1299 3176 1359 3242 HL

229 3293 313 3375 prol.
339 3294 488 3357 17—19:
522 3293 619 3374 «Ego,
642 3313 741 3375 quem
760 3293 870 3358 Pierio
899 3298 1006 3357 mater
1026 3294 1123 3358 enixa
1143 3298 1193 3356 est
1212 3295 1300 3373 iugo,
1321 3293 1363 3357 In

230 3428 296 3491 quo
315 3409 448 3472 tonanti
468 3413 584 3473 sancta
599 3409 822 3491 Mnemosyne
834 3410 907 3473 Iovi
922 3409 1081 3474 Fecunda
1101 3410 1217 3473 novics
1238 3409 1362 3472 artium

229 3524 361 3606 peperit
378 3524 551 3589 chorum».
571 3560 616 3569 —
637 3523 758 3590 doctos
775 3573 782 3588 .
801 3573 835 3589 ..
861 3530 995 3609 poetae,
1024 3529 1062 3589 ut
1091 3525 1203 3590 Graece
1233 3527 1359 3609 σοφούς.

228 3638 355 3703 Doctus
374 3639 497 3704 dicitur
514 3639 645 3714 Latine,
667 3640 819 3724 quisquis
840 3642 921 3704 artis
941 3662 1008 3704 suae
1029 3641 1156 3724 peritus
1178 3644 1227 3703 est
1238 3663 1246 3715 ;
1264 3660 1362 3704 orna·

228 3754 352 3818 bantur
370 3755 433 3820 hoc
454 3756 604 3838 epitheto
623 3758 790 3838 praecipue
810 3761 928 3839 poetae,
951 3777 1052 3838 quare
1081 3757 1184 3819 etiam
1214 3754 1363 3838 Sulpicia

229 3871 360 3952 poetria
378 3871 466 3935 intra
481 3871 536 3935 IV.
551 3874 581 3948 6,
603 3875 643 3936 δε
669 3873 784 3937 edocta
803 3874 935 3955 puelle»
960 3872 1157 3956 appellatur.
1179 3909 1223 3916 —
1242 3870 1362 3938 Aurea

228 4005 290 4052 uec
317 3988 477 4071 caperest
504 4006 652 4054 marcere
680 3986 853 4070 mesces,
882 3991 993 4052 locum
1024 3990 1208 4071 saepissime
1240 3993 1361 4054 tractat

229 4101 379 4180 Ovidius,
401 4124 427 4166 e.
448 4123 478 4183 g.
492 4104 529 4166 A.
544 4105 581 4168 A
595 4103 654 4167 HL
677 4105 875 4169 547-548:
898 4104 1057 4168 «Vatibus
1072 4105 1232 4169 Ausoniis
1245 4105 1361 4170 faciles

229 4222 345 4296 estote,
376 4220 506 4302 puellas,
537 4221 670 4283 Numen
698 4220 789 4284 inest
817 4221 895 4284 illis.
925 4220 1139 4302 Pieridesque
1167 4222 1298 4285 favente
1328 4226 1362 4285 et
