<?xml version="1.0" encoding="UTF-8"?>
<!DOCTYPE html PUBLIC "-//W3C//DTD XHTML 1.0 Transitional//EN"
    "http://www.w3.org/TR/xhtml1/DTD/xhtml1-transitional.dtd">
<html xmlns="http://www.w3.org/1999/xhtml" xml:lang="en" lang="en">
 <head>
  <title>
</title>
<meta http-equiv="Content-Type" content="text/html;charset=utf-8" />
  <meta name='ocr-system' content='tesseract 3.04.00' />
  <meta name='ocr-capabilities' content='ocr_page ocr_carea ocr_par ocr_line ocrx_word'/>
</head>
<body>
  <div class='ocr_page' id='page_1' title='image "albiitibullicar01tibugoog_0131.png"; bbox 0 0 3268 4896; ppageno 0'>
   <div class='ocr_carea' id='block_1_1' title="bbox 303 417 993 495">
    <p class='ocr_par' dir='ltr' id='par_1_1' title="bbox 303 417 993 495">
     <span class='ocr_line' id='line_1_1' title="bbox 303 417 993 495; baseline 0.022 -27"><span class='ocrx_word' id='word_1_1' title='bbox 303 417 354 470; x_wconf 81' lang='lat' dir='ltr'><strong>1a8</strong></span> <span class='ocrx_word' id='word_1_2' title='bbox 740 438 783 482; x_wconf 75' lang='lat' dir='ltr'><strong>aa</strong></span> <span class='ocrx_word' id='word_1_3' title='bbox 799 439 822 482; x_wconf 93' lang='lat'><strong>1.</strong></span> <span class='ocrx_word' id='word_1_4' title='bbox 841 435 865 495; x_wconf 92' lang='lat'><strong>1,</strong></span> <span class='ocrx_word' id='word_1_5' title='bbox 885 435 993 483; x_wconf 87' lang='lat'>7-10.</span> 
     </span>
    </p>
   </div>
   <div class='ocr_carea' id='block_1_2' title="bbox 293 611 1455 4281">
    <p class='ocr_par' dir='ltr' id='par_1_2' title="bbox 293 611 1455 3934">
     <span class='ocr_line' id='line_1_2' title="bbox 301 611 1435 680; baseline 0 -4"><span class='ocrx_word' id='word_1_6' title='bbox 301 615 338 677; x_wconf 92' lang='lat' dir='ltr'><strong>in</strong></span> <span class='ocrx_word' id='word_1_7' title='bbox 365 612 438 677; x_wconf 88' lang='lat' dir='ltr'><strong>Div.</strong></span> <span class='ocrx_word' id='word_1_8' title='bbox 459 612 550 677; x_wconf 90' lang='lat' dir='ltr'><strong>Verr.</strong></span> <span class='ocrx_word' id='word_1_9' title='bbox 585 614 634 677; x_wconf 92' lang='lat'><strong>17.</strong></span> <span class='ocrx_word' id='word_1_10' title='bbox 667 617 700 676; x_wconf 87' lang='lat' dir='ltr'><strong>et</strong></span> <span class='ocrx_word' id='word_1_11' title='bbox 730 611 821 678; x_wconf 82' lang='lat' dir='ltr'><strong>Serv.</strong></span> <span class='ocrx_word' id='word_1_12' title='bbox 853 613 895 677; x_wconf 90' lang='lat' dir='ltr'><strong>ad</strong></span> <span class='ocrx_word' id='word_1_13' title='bbox 922 614 1004 676; x_wconf 89' lang='lat' dir='ltr'><strong>Aen.</strong></span> <span class='ocrx_word' id='word_1_14' title='bbox 1025 613 1096 678; x_wconf 87' lang='lat' dir='ltr'>VII.</span> <span class='ocrx_word' id='word_1_15' title='bbox 1129 616 1215 680; x_wconf 81' lang='lat'><strong>637:</strong></span> <span class='ocrx_word' id='word_1_16' title='bbox 1239 612 1435 676; x_wconf 90' lang='lat' dir='ltr'><strong>«classicum</strong></span> 
     </span>
     <span class='ocr_line' id='line_1_3' title="bbox 302 727 1435 810; baseline -0.003 -18"><span class='ocrx_word' id='word_1_17' title='bbox 302 728 444 793; x_wconf 82' lang='lat' dir='ltr'><strong>dicimus</strong></span> <span class='ocrx_word' id='word_1_18' title='bbox 465 731 498 791; x_wconf 91' lang='lat' dir='ltr'><strong>et</strong></span> <span class='ocrx_word' id='word_1_19' title='bbox 516 727 633 791; x_wconf 90' lang='lat' dir='ltr'><strong>tubam</strong></span> <span class='ocrx_word' id='word_1_20' title='bbox 661 729 772 810; x_wconf 90' lang='lat' dir='ltr'><strong>ipsam</strong></span> <span class='ocrx_word' id='word_1_21' title='bbox 802 732 835 791; x_wconf 88' lang='lat' dir='ltr'><strong>et</strong></span> <span class='ocrx_word' id='word_1_22' title='bbox 864 748 995 792; x_wconf 90' lang='lat' dir='ltr'><strong>sonum.</strong></span> <span class='ocrx_word' id='word_1_23' title='bbox 1028 727 1214 793; x_wconf 82' lang='lat' dir='ltr'><strong>Classicum</strong></span> <span class='ocrx_word' id='word_1_24' title='bbox 1243 730 1355 791; x_wconf 90' lang='lat' dir='ltr'><strong>autem</strong></span> <span class='ocrx_word' id='word_1_25' title='bbox 1384 730 1435 790; x_wconf 89' lang='lat' dir='ltr'><strong>est</strong></span> 
     </span>
     <span class='ocr_line' id='line_1_4' title="bbox 299 842 1434 929; baseline -0.002 -21"><span class='ocrx_word' id='word_1_26' title='bbox 299 844 422 909; x_wconf 87' lang='lat' dir='ltr'><strong>flexilis</strong></span> <span class='ocrx_word' id='word_1_27' title='bbox 441 845 541 909; x_wconf 84' lang='lat' dir='ltr'><strong>tuba»</strong></span> <span class='ocrx_word' id='word_1_28' title='bbox 566 845 588 909; x_wconf 91' lang='lat' dir='ltr'><strong>i.</strong></span> <span class='ocrx_word' id='word_1_29' title='bbox 612 865 640 909; x_wconf 91' lang='lat' dir='ltr'><strong>e.</strong></span> <span class='ocrx_word' id='word_1_30' title='bbox 663 865 801 910; x_wconf 83' lang='lat' dir='ltr'><strong>cornu».</strong></span> <span class='ocrx_word' id='word_1_31' title='bbox 822 881 867 890; x_wconf 88' lang='lat'>—</span> <span class='ocrx_word' id='word_1_32' title='bbox 881 845 999 929; x_wconf 83' lang='lat' dir='ltr'><strong>pulsa,</strong></span> <span class='ocrx_word' id='word_1_33' title='bbox 1028 847 1164 927; x_wconf 83' lang='lat' dir='ltr'>proprie</span> <span class='ocrx_word' id='word_1_34' title='bbox 1185 843 1308 908; x_wconf 82' lang='lat' dir='ltr'><strong>dicitur</strong></span> <span class='ocrx_word' id='word_1_35' title='bbox 1325 842 1365 906; x_wconf 89' lang='lat' dir='ltr'><strong>de</strong></span> <span class='ocrx_word' id='word_1_36' title='bbox 1383 844 1434 906; x_wconf 90' lang='lat' dir='ltr'><strong>in-</strong></span> 
     </span>
     <span class='ocr_line' id='line_1_5' title="bbox 304 957 1436 1042; baseline -0.003 -18"><span class='ocrx_word' id='word_1_37' title='bbox 304 961 509 1037; x_wconf 72' lang='lat' dir='ltr'><strong>strumentis,</strong></span> <span class='ocrx_word' id='word_1_38' title='bbox 530 981 602 1042; x_wconf 82' lang='lat' dir='ltr'><strong>quae</strong></span> <span class='ocrx_word' id='word_1_39' title='bbox 622 960 756 1024; x_wconf 88' lang='lat' dir='ltr'><strong>chordis</strong></span> <span class='ocrx_word' id='word_1_40' title='bbox 775 961 941 1024; x_wconf 89' lang='lat' dir='ltr'><strong>instructa</strong></span> <span class='ocrx_word' id='word_1_41' title='bbox 960 964 1039 1023; x_wconf 89' lang='lat' dir='ltr'><strong>sunt</strong></span> <span class='ocrx_word' id='word_1_42' title='bbox 1052 964 1084 1023; x_wconf 90' lang='lat' dir='ltr'><strong>et</strong></span> <span class='ocrx_word' id='word_1_43' title='bbox 1096 961 1224 1041; x_wconf 89' lang='lat' dir='ltr'><strong>plectro</strong></span> <span class='ocrx_word' id='word_1_44' title='bbox 1245 963 1303 1022; x_wconf 89' lang='lat' dir='ltr'><strong>aut</strong></span> <span class='ocrx_word' id='word_1_45' title='bbox 1322 957 1436 1039; x_wconf 87' lang='lat' dir='ltr'><strong>digitis</strong></span> 
     </span>
     <span class='ocr_line' id='line_1_6' title="bbox 302 1074 1437 1158; baseline -0.001 -20"><span class='ocrx_word' id='word_1_46' title='bbox 302 1077 500 1158; x_wconf 61' lang='lat' dir='ltr'><strong>pulsantum</strong></span> <span class='ocrx_word' id='word_1_47' title='bbox 529 1078 594 1139; x_wconf 91' lang='lat' dir='ltr'><strong>hoc</strong></span> <span class='ocrx_word' id='word_1_48' title='bbox 620 1076 695 1140; x_wconf 91' lang='lat' dir='ltr'><strong>loco</strong></span> <span class='ocrx_word' id='word_1_49' title='bbox 716 1076 927 1140; x_wconf 65' lang='lat' dir='ltr'><strong>translatum</strong></span> <span class='ocrx_word' id='word_1_50' title='bbox 957 1074 1000 1138; x_wconf 92' lang='lat' dir='ltr'><strong>ad</strong></span> <span class='ocrx_word' id='word_1_51' title='bbox 1027 1075 1358 1155; x_wconf 71' lang='lat' dir='ltr'><strong>instrumentaque</strong></span> <span class='ocrx_word' id='word_1_52' title='bbox 1385 1074 1437 1137; x_wconf 92' lang='lat' dir='ltr'><strong>in-</strong></span> 
     </span>
     <span class='ocr_line' id='line_1_7' title="bbox 302 1187 1436 1275; baseline -0.002 -21"><span class='ocrx_word' id='word_1_53' title='bbox 302 1191 437 1266; x_wconf 87' lang='lat' dir='ltr'><strong>flantur,</strong></span> <span class='ocrx_word' id='word_1_54' title='bbox 457 1195 496 1254; x_wconf 91' lang='lat' dir='ltr'><strong>ut</strong></span> <span class='ocrx_word' id='word_1_55' title='bbox 516 1190 629 1256; x_wconf 72' lang='lat' dir='ltr'><strong>Graece</strong></span> <span class='ocrx_word' id='word_1_56' title='bbox 658 1196 780 1275; x_wconf 76' lang='grc' dir='ltr'><strong>κρέκειν</strong></span> <span class='ocrx_word' id='word_1_57' title='bbox 808 1195 860 1256; x_wconf 83' lang='grc' dir='ltr'><strong>τὸν</strong></span> <span class='ocrx_word' id='word_1_58' title='bbox 889 1187 984 1256; x_wconf 78' lang='grc' dir='ltr'>αὐλὸν</span> <span class='ocrx_word' id='word_1_59' title='bbox 1010 1191 1182 1272; x_wconf 74' lang='lat' dir='ltr'><strong>Aristopla</strong></span> <span class='ocrx_word' id='word_1_60' title='bbox 1203 1190 1261 1255; x_wconf 85' lang='lat' dir='ltr'><strong>Av.</strong></span> <span class='ocrx_word' id='word_1_61' title='bbox 1284 1191 1358 1255; x_wconf 69' lang='grc'><strong>681.</strong></span> <span class='ocrx_word' id='word_1_62' title='bbox 1383 1189 1436 1252; x_wconf 78' lang='lat' dir='ltr'><strong>Ti-</strong></span> 
     </span>
     <span class='ocr_line' id='line_1_8' title="bbox 304 1305 1437 1372; baseline 0 -2"><span class='ocrx_word' id='word_1_63' title='bbox 304 1307 435 1372; x_wconf 87' lang='lat' dir='ltr'>bullum</span> <span class='ocrx_word' id='word_1_64' title='bbox 467 1307 593 1370; x_wconf 79' lang='lat' dir='ltr'><strong>imItari</strong></span> <span class='ocrx_word' id='word_1_65' title='bbox 623 1306 755 1371; x_wconf 86' lang='lat' dir='ltr'><strong>videtur</strong></span> <span class='ocrx_word' id='word_1_66' title='bbox 786 1305 960 1371; x_wconf 81' lang='lat' dir='ltr'><strong>Claudiam</strong></span> <span class='ocrx_word' id='word_1_67' title='bbox 992 1306 1043 1369; x_wconf 91' lang='lat' dir='ltr'><strong>De</strong></span> <span class='ocrx_word' id='word_1_68' title='bbox 1063 1305 1163 1370; x_wconf 82' lang='lat' dir='ltr'><strong>Oons.</strong></span> <span class='ocrx_word' id='word_1_69' title='bbox 1195 1305 1319 1369; x_wconf 77' lang='lat' dir='ltr'><strong>Theod.</strong></span> <span class='ocrx_word' id='word_1_70' title='bbox 1352 1306 1437 1370; x_wconf 84' lang='lat'><strong>313:</strong></span> 
     </span>
     <span class='ocr_line' id='line_1_9' title="bbox 310 1421 1435 1506; baseline 0 -20"><span class='ocrx_word' id='word_1_71' title='bbox 310 1423 409 1486; x_wconf 72' lang='lat' dir='ltr'><strong>«tibia</strong></span> <span class='ocrx_word' id='word_1_72' title='bbox 437 1421 520 1486; x_wconf 89' lang='lat' dir='ltr'><strong>flatu</strong></span> <span class='ocrx_word' id='word_1_73' title='bbox 548 1423 748 1504; x_wconf 81' lang='lat' dir='ltr'><strong>pulsanda».</strong></span> <span class='ocrx_word' id='word_1_74' title='bbox 770 1460 814 1467; x_wconf 88' lang='lat'>—</span> <span class='ocrx_word' id='word_1_75' title='bbox 832 1441 910 1487; x_wconf 80' lang='lat' dir='ltr'><strong>mec</strong></span> <span class='ocrx_word' id='word_1_76' title='bbox 934 1425 1137 1506; x_wconf 76' lang='lat' dir='ltr'><strong>pauperina,</strong></span> <span class='ocrx_word' id='word_1_77' title='bbox 1164 1422 1303 1504; x_wconf 91' lang='lat' dir='ltr'><strong>antiquo</strong></span> <span class='ocrx_word' id='word_1_78' title='bbox 1324 1442 1435 1499; x_wconf 89' lang='lat' dir='ltr'><strong>sensu,</strong></span> 
     </span>
     <span class='ocr_line' id='line_1_10' title="bbox 305 1538 1436 1620; baseline -0.002 -18"><span class='ocrx_word' id='word_1_79' title='bbox 305 1539 345 1602; x_wconf 90' lang='lat' dir='ltr'><strong>de</strong></span> <span class='ocrx_word' id='word_1_80' title='bbox 365 1558 431 1620; x_wconf 92' lang='lat' dir='ltr'><strong>quo</strong></span> <span class='ocrx_word' id='word_1_81' title='bbox 451 1538 611 1620; x_wconf 82' lang='lat' dir='ltr'><strong>Porphyr.</strong></span> <span class='ocrx_word' id='word_1_82' title='bbox 633 1539 685 1602; x_wconf 91' lang='lat' dir='ltr'><strong>ad.</strong></span> <span class='ocrx_word' id='word_1_83' title='bbox 707 1538 789 1602; x_wconf 89' lang='lat' dir='ltr'><strong>Hor.</strong></span> <span class='ocrx_word' id='word_1_84' title='bbox 810 1539 871 1620; x_wconf 84' lang='lat' dir='ltr'><strong>Ep.</strong></span> <span class='ocrx_word' id='word_1_85' title='bbox 892 1539 934 1601; x_wconf 91' lang='lat' dir='ltr'><strong>II.</strong></span> <span class='ocrx_word' id='word_1_86' title='bbox 957 1541 986 1613; x_wconf 69' lang='grc'><strong>1,</strong></span> <span class='ocrx_word' id='word_1_87' title='bbox 1012 1540 1094 1602; x_wconf 85' lang='grc'><strong>199;</strong></span> <span class='ocrx_word' id='word_1_88' title='bbox 1120 1541 1321 1620; x_wconf 84' lang='lat' dir='ltr'><strong>«paupertas</strong></span> <span class='ocrx_word' id='word_1_89' title='bbox 1334 1538 1436 1600; x_wconf 90' lang='lat' dir='ltr'><strong>etiam</strong></span> 
     </span>
     <span class='ocr_line' id='line_1_11' title="bbox 305 1653 1436 1736; baseline -0.001 -18"><span class='ocrx_word' id='word_1_90' title='bbox 305 1656 456 1718; x_wconf 74' lang='lat' dir='ltr'><strong>honestae</strong></span> <span class='ocrx_word' id='word_1_91' title='bbox 485 1654 700 1736; x_wconf 73' lang='lat' dir='ltr'><strong>parsimoniae</strong></span> <span class='ocrx_word' id='word_1_92' title='bbox 729 1674 855 1717; x_wconf 88' lang='lat' dir='ltr'><strong>nomen</strong></span> <span class='ocrx_word' id='word_1_93' title='bbox 884 1657 935 1718; x_wconf 88' lang='lat' dir='ltr'><strong>est</strong></span> <span class='ocrx_word' id='word_1_94' title='bbox 964 1658 998 1717; x_wconf 90' lang='lat' dir='ltr'><strong>et</strong></span> <span class='ocrx_word' id='word_1_95' title='bbox 1024 1657 1207 1736; x_wconf 87' lang='lat' dir='ltr'><strong>usurpatur</strong></span> <span class='ocrx_word' id='word_1_96' title='bbox 1234 1653 1272 1717; x_wconf 95' lang='lat' dir='ltr'><strong>in</strong></span> <span class='ocrx_word' id='word_1_97' title='bbox 1301 1655 1436 1717; x_wconf 88' lang='lat' dir='ltr'><strong>fortuna</strong></span> 
     </span>
     <span class='ocr_line' id='line_1_12' title="bbox 306 1769 1455 1852; baseline -0.003 -18"><span class='ocrx_word' id='word_1_98' title='bbox 306 1770 498 1834; x_wconf 85' lang='lat' dir='ltr'><strong>mediocri».</strong></span> <span class='ocrx_word' id='word_1_99' title='bbox 520 1769 673 1833; x_wconf 84' lang='lat' dir='ltr'><strong>Tibullus</strong></span> <span class='ocrx_word' id='word_1_100' title='bbox 702 1790 887 1852; x_wconf 79' lang='lat' dir='ltr'><strong>pauperem</strong></span> <span class='ocrx_word' id='word_1_101' title='bbox 916 1790 950 1832; x_wconf 88' lang='lat' dir='ltr'><strong>se</strong></span> <span class='ocrx_word' id='word_1_102' title='bbox 979 1770 1145 1844; x_wconf 91' lang='lat' dir='ltr'><strong>nominat,</strong></span> <span class='ocrx_word' id='word_1_103' title='bbox 1168 1770 1246 1852; x_wconf 91' lang='lat' dir='ltr'><strong>quia</strong></span> <span class='ocrx_word' id='word_1_104' title='bbox 1266 1771 1455 1852; x_wconf 39' lang='lat' dir='ltr'><strong>comparat·</strong></span> 
     </span>
     <span class='ocr_line' id='line_1_13' title="bbox 308 1884 1438 1966; baseline -0.001 -16"><span class='ocrx_word' id='word_1_105' title='bbox 308 1907 343 1950; x_wconf 93' lang='lat' dir='ltr'><strong>se</strong></span> <span class='ocrx_word' id='word_1_106' title='bbox 363 1906 440 1949; x_wconf 93' lang='lat' dir='ltr'><strong>cum</strong></span> <span class='ocrx_word' id='word_1_107' title='bbox 459 1885 599 1949; x_wconf 89' lang='lat' dir='ltr'><strong>ducibus</strong></span> <span class='ocrx_word' id='word_1_108' title='bbox 616 1885 819 1949; x_wconf 90' lang='lat' dir='ltr'><strong>immensam</strong></span> <span class='ocrx_word' id='word_1_109' title='bbox 837 1884 986 1966; x_wconf 86' lang='lat' dir='ltr'><strong>praedam</strong></span> <span class='ocrx_word' id='word_1_110' title='bbox 1004 1884 1161 1952; x_wconf 87' lang='lat' dir='ltr'><strong>bellicam</strong></span> <span class='ocrx_word' id='word_1_111' title='bbox 1180 1885 1438 1966; x_wconf 83' lang='lat' dir='ltr'><strong>congerentibus</strong></span> 
     </span>
     <span class='ocr_line' id='line_1_14' title="bbox 309 2000 1437 2084; baseline -0.001 -19"><span class='ocrx_word' id='word_1_112' title='bbox 309 2006 341 2065; x_wconf 90' lang='lat' dir='ltr'><strong>et</strong></span> <span class='ocrx_word' id='word_1_113' title='bbox 369 2002 448 2084; x_wconf 90' lang='lat' dir='ltr'><strong>quia</strong></span> <span class='ocrx_word' id='word_1_114' title='bbox 478 2006 591 2083; x_wconf 88' lang='lat' dir='ltr'><strong>patres</strong></span> <span class='ocrx_word' id='word_1_115' title='bbox 623 2000 704 2075; x_wconf 90' lang='lat' dir='ltr'><strong>eius,</strong></span> <span class='ocrx_word' id='word_1_116' title='bbox 733 2004 772 2063; x_wconf 86' lang='lat' dir='ltr'><strong>ut</strong></span> <span class='ocrx_word' id='word_1_117' title='bbox 801 2000 890 2064; x_wconf 87' lang='lat' dir='ltr'><strong>infra</strong></span> <span class='ocrx_word' id='word_1_118' title='bbox 918 2021 982 2064; x_wconf 91' lang='lat' dir='ltr'><strong>vss.</strong></span> <span class='ocrx_word' id='word_1_119' title='bbox 1011 2003 1061 2065; x_wconf 83' lang='lat'><strong>19.</strong></span> <span class='ocrx_word' id='word_1_120' title='bbox 1084 2005 1117 2063; x_wconf 88' lang='lat' dir='ltr'><strong>et</strong></span> <span class='ocrx_word' id='word_1_121' title='bbox 1145 2003 1289 2065; x_wconf 75' lang='lat' dir='ltr'><strong>ar-la.</strong></span> <span class='ocrx_word' id='word_1_122' title='bbox 1320 2002 1437 2076; x_wconf 89' lang='lat' dir='ltr'><strong>elucet,</strong></span> 
     </span>
     <span class='ocr_line' id='line_1_15' title="bbox 306 2114 1437 2198; baseline -0.002 -18"><span class='ocrx_word' id='word_1_123' title='bbox 306 2117 414 2181; x_wconf 90' lang='lat' dir='ltr'><strong>multo</strong></span> <span class='ocrx_word' id='word_1_124' title='bbox 435 2115 573 2180; x_wconf 86' lang='lat' dir='ltr'><strong>ditiores</strong></span> <span class='ocrx_word' id='word_1_125' title='bbox 598 2116 754 2190; x_wconf 82' lang='lat' dir='ltr'><strong>fuerunt3</strong></span> <span class='ocrx_word' id='word_1_126' title='bbox 774 2118 891 2179; x_wconf 88' lang='lat' dir='ltr'><strong>contra</strong></span> <span class='ocrx_word' id='word_1_127' title='bbox 910 2114 1084 2193; x_wconf 74' lang='lat' dir='ltr'><strong>Horatius,</strong></span> <span class='ocrx_word' id='word_1_128' title='bbox 1098 2117 1155 2198; x_wconf 93' lang='lat' dir='ltr'><strong>qui</strong></span> <span class='ocrx_word' id='word_1_129' title='bbox 1175 2117 1289 2180; x_wconf 91' lang='lat' dir='ltr'><strong>minus</strong></span> <span class='ocrx_word' id='word_1_130' title='bbox 1309 2116 1437 2192; x_wconf 78' lang='lat' dir='ltr'><strong>habult,</strong></span> 
     </span>
     <span class='ocr_line' id='line_1_16' title="bbox 307 2230 1437 2314; baseline 0 -18"><span class='ocrx_word' id='word_1_131' title='bbox 307 2235 344 2296; x_wconf 89' lang='lat' dir='ltr'><strong>in</strong></span> <span class='ocrx_word' id='word_1_132' title='bbox 365 2232 509 2314; x_wconf 88' lang='lat' dir='ltr'><strong>epistola</strong></span> <span class='ocrx_word' id='word_1_133' title='bbox 528 2230 571 2295; x_wconf 90' lang='lat' dir='ltr'><strong>ad</strong></span> <span class='ocrx_word' id='word_1_134' title='bbox 589 2230 759 2294; x_wconf 78' lang='lat' dir='ltr'><strong>Tibullum</strong></span> <span class='ocrx_word' id='word_1_135' title='bbox 780 2231 904 2312; x_wconf 89' lang='lat' dir='ltr'><strong>scripta</strong></span> <span class='ocrx_word' id='word_1_136' title='bbox 932 2232 1068 2296; x_wconf 84' lang='lat' dir='ltr'><strong>divitias</strong></span> <span class='ocrx_word' id='word_1_137' title='bbox 1089 2233 1119 2295; x_wconf 86' lang='lat' dir='ltr'><strong>ei</strong></span> <span class='ocrx_word' id='word_1_138' title='bbox 1138 2233 1256 2296; x_wconf 86' lang='lat' dir='ltr'><strong>tribuit</strong></span> <span class='ocrx_word' id='word_1_139' title='bbox 1267 2255 1276 2308; x_wconf 81' lang='lat'><em>3</em></span> <span class='ocrx_word' id='word_1_140' title='bbox 1296 2233 1335 2296; x_wconf 87' lang='lat' dir='ltr'><strong>cf.</strong></span> <span class='ocrx_word' id='word_1_141' title='bbox 1356 2231 1437 2296; x_wconf 88' lang='lat' dir='ltr'><strong>Hor.</strong></span> 
     </span>
     <span class='ocr_line' id='line_1_17' title="bbox 307 2347 1441 2431; baseline -0.004 -20"><span class='ocrx_word' id='word_1_142' title='bbox 307 2349 368 2431; x_wconf 85' lang='lat' dir='ltr'><strong>Ep.</strong></span> <span class='ocrx_word' id='word_1_143' title='bbox 389 2348 415 2411; x_wconf 93' lang='lat' dir='ltr'><strong>I.</strong></span> <span class='ocrx_word' id='word_1_144' title='bbox 430 2348 460 2422; x_wconf 77' lang='lat' dir='ltr'><strong>t,</strong></span> <span class='ocrx_word' id='word_1_145' title='bbox 475 2349 515 2411; x_wconf 86' lang='lat'><strong>7:</strong></span> <span class='ocrx_word' id='word_1_146' title='bbox 533 2347 593 2409; x_wconf 76' lang='lat' dir='ltr'><strong>«Di</strong></span> <span class='ocrx_word' id='word_1_147' title='bbox 613 2347 675 2410; x_wconf 92' lang='lat' dir='ltr'><strong>tibi</strong></span> <span class='ocrx_word' id='word_1_148' title='bbox 687 2347 823 2410; x_wconf 87' lang='lat' dir='ltr'><strong>divitias</strong></span> <span class='ocrx_word' id='word_1_149' title='bbox 843 2347 1007 2411; x_wconf 88' lang='lat' dir='ltr'><strong>dederunt</strong></span> <span class='ocrx_word' id='word_1_150' title='bbox 1027 2353 1200 2430; x_wconf 85' lang='lat' dir='ltr'><strong>artemque</strong></span> <span class='ocrx_word' id='word_1_151' title='bbox 1220 2348 1384 2412; x_wconf 76' lang='lat' dir='ltr'><strong>fruendi».</strong></span> <span class='ocrx_word' id='word_1_152' title='bbox 1395 2384 1441 2392; x_wconf 92' lang='lat'><em>-</em></span> 
     </span>
     <span class='ocr_line' id='line_1_18' title="bbox 307 2461 1440 2546; baseline -0.002 -18"><span class='ocrx_word' id='word_1_153' title='bbox 307 2465 380 2529; x_wconf 77' lang='lat' dir='ltr'><strong>clia</strong></span> <span class='ocrx_word' id='word_1_154' title='bbox 411 2461 571 2528; x_wconf 81' lang='lat' dir='ltr'><strong>traducat</strong></span> <span class='ocrx_word' id='word_1_155' title='bbox 601 2461 714 2540; x_wconf 70' lang='lat' dir='ltr'><strong>lacerti,</strong></span> <span class='ocrx_word' id='word_1_156' title='bbox 745 2462 912 2525; x_wconf 85' lang='lat' dir='ltr'><strong>ablativus</strong></span> <span class='ocrx_word' id='word_1_157' title='bbox 940 2464 1023 2528; x_wconf 82' lang='lat' dir='ltr'><strong>viee:</strong></span> <span class='ocrx_word' id='word_1_158' title='bbox 1052 2485 1113 2546; x_wconf 87' lang='lat' dir='ltr'><strong>per</strong></span> <span class='ocrx_word' id='word_1_159' title='bbox 1140 2465 1246 2528; x_wconf 89' lang='lat' dir='ltr'><strong>vitam</strong></span> <span class='ocrx_word' id='word_1_160' title='bbox 1275 2463 1419 2527; x_wconf 89' lang='lat' dir='ltr'><strong>inertem</strong></span> <span class='ocrx_word' id='word_1_161' title='bbox 1431 2486 1440 2540; x_wconf 92' lang='lat'>;</span> 
     </span>
     <span class='ocr_line' id='line_1_19' title="bbox 309 2577 1440 2661; baseline 0 -19"><span class='ocrx_word' id='word_1_162' title='bbox 309 2581 349 2643; x_wconf 90' lang='lat' dir='ltr'><strong>cf.</strong></span> <span class='ocrx_word' id='word_1_163' title='bbox 382 2577 462 2642; x_wconf 82' lang='lat' dir='ltr'><strong>Caes.</strong></span> <span class='ocrx_word' id='word_1_164' title='bbox 494 2578 531 2643; x_wconf 93' lang='lat' dir='ltr'><strong>B.</strong></span> <span class='ocrx_word' id='word_1_165' title='bbox 562 2577 595 2642; x_wconf 82' lang='lat' dir='ltr'><strong>O.</strong></span> <span class='ocrx_word' id='word_1_166' title='bbox 626 2578 667 2641; x_wconf 93' lang='grc' dir='ltr'><strong>Π.</strong></span> <span class='ocrx_word' id='word_1_167' title='bbox 699 2579 729 2655; x_wconf 86' lang='grc'><strong>3,</strong></span> <span class='ocrx_word' id='word_1_168' title='bbox 763 2580 799 2642; x_wconf 82' lang='grc'><strong>1;</strong></span> <span class='ocrx_word' id='word_1_169' title='bbox 824 2578 927 2642; x_wconf 80' lang='lat' dir='ltr'><strong>«freto</strong></span> <span class='ocrx_word' id='word_1_170' title='bbox 960 2578 1082 2644; x_wconf 75' lang='lat' dir='ltr'><strong>Sicilia</strong></span> <span class='ocrx_word' id='word_1_171' title='bbox 1112 2579 1269 2661; x_wconf 79' lang='lat' dir='ltr'><strong>pervehi»</strong></span> <span class='ocrx_word' id='word_1_172' title='bbox 1306 2584 1338 2642; x_wconf 90' lang='lat' dir='ltr'><strong>et</strong></span> <span class='ocrx_word' id='word_1_173' title='bbox 1368 2579 1440 2642; x_wconf 80' lang='lat' dir='ltr'><strong>Liv.</strong></span> 
     </span>
     <span class='ocr_line' id='line_1_20' title="bbox 309 2693 1442 2774; baseline -0.001 -16"><span class='ocrx_word' id='word_1_174' title='bbox 309 2694 430 2758; x_wconf 86' lang='lat' dir='ltr'>XXIII.</span> <span class='ocrx_word' id='word_1_175' title='bbox 453 2695 505 2767; x_wconf 70' lang='grc'><strong>11,</strong></span> <span class='ocrx_word' id='word_1_176' title='bbox 527 2697 567 2758; x_wconf 84' lang='lat'><strong>7:</strong></span> <span class='ocrx_word' id='word_1_177' title='bbox 592 2693 702 2768; x_wconf 76' lang='lat' dir='ltr'><strong>«silva,</strong></span> <span class='ocrx_word' id='word_1_178' title='bbox 726 2713 791 2774; x_wconf 89' lang='lat' dir='ltr'><strong>qua</strong></span> <span class='ocrx_word' id='word_1_179' title='bbox 821 2694 1001 2757; x_wconf 82' lang='lat' dir='ltr'><strong>exercitum</strong></span> <span class='ocrx_word' id='word_1_180' title='bbox 1030 2695 1244 2759; x_wconf 88' lang='lat' dir='ltr'><strong>traducturus</strong></span> <span class='ocrx_word' id='word_1_181' title='bbox 1275 2699 1376 2760; x_wconf 86' lang='lat' dir='ltr'><strong>erat».</strong></span> <span class='ocrx_word' id='word_1_182' title='bbox 1397 2731 1442 2739; x_wconf 87' lang='lat'>—</span> 
     </span>
     <span class='ocr_line' id='line_1_21' title="bbox 308 2805 1443 2893; baseline 0.001 -21"><span class='ocrx_word' id='word_1_183' title='bbox 308 2805 404 2872; x_wconf 78' lang='lat' dir='ltr'><strong>Dura</strong></span> <span class='ocrx_word' id='word_1_184' title='bbox 433 2826 530 2872; x_wconf 83' lang='lat' dir='ltr'><strong>meas</strong></span> <span class='ocrx_word' id='word_1_185' title='bbox 561 2805 707 2873; x_wconf 78' lang='lat' dir='ltr'><strong>adsiduo</strong></span> <span class='ocrx_word' id='word_1_186' title='bbox 740 2807 848 2873; x_wconf 82' lang='lat' dir='ltr'><strong>luceat</strong></span> <span class='ocrx_word' id='word_1_187' title='bbox 878 2807 959 2893; x_wconf 75' lang='lat' dir='ltr'><strong>tpac</strong></span> <span class='ocrx_word' id='word_1_188' title='bbox 989 2807 1095 2892; x_wconf 80' lang='lat' dir='ltr'><strong>focas,</strong></span> <span class='ocrx_word' id='word_1_189' title='bbox 1128 2809 1170 2872; x_wconf 90' lang='lat' dir='ltr'><strong>ad</strong></span> <span class='ocrx_word' id='word_1_190' title='bbox 1208 2809 1298 2872; x_wconf 91' lang='lat' dir='ltr'><strong>hunc</strong></span> <span class='ocrx_word' id='word_1_191' title='bbox 1332 2811 1443 2873; x_wconf 89' lang='lat' dir='ltr'><strong>locum</strong></span> 
     </span>
     <span class='ocr_line' id='line_1_22' title="bbox 310 2922 1442 3006; baseline 0 -17"><span class='ocrx_word' id='word_1_192' title='bbox 310 2924 430 2989; x_wconf 87' lang='lat' dir='ltr'><strong>alludit</strong></span> <span class='ocrx_word' id='word_1_193' title='bbox 449 2923 530 2988; x_wconf 81' lang='lat' dir='ltr'><strong>Stat.</strong></span> <span class='ocrx_word' id='word_1_194' title='bbox 552 2922 631 2988; x_wconf 82' lang='lat' dir='ltr'><strong>Silv.</strong></span> <span class='ocrx_word' id='word_1_195' title='bbox 652 2925 677 2988; x_wconf 95' lang='grc' dir='ltr'><strong>Ι.</strong></span> <span class='ocrx_word' id='word_1_196' title='bbox 700 2926 729 2998; x_wconf 70' lang='grc'><strong>1,</strong></span> <span class='ocrx_word' id='word_1_197' title='bbox 752 2926 837 2988; x_wconf 63' lang='lat'>255:</span> <span class='ocrx_word' id='word_1_198' title='bbox 862 2924 1039 3006; x_wconf 77' lang='lat' dir='ltr'><strong>«divesque</strong></span> <span class='ocrx_word' id='word_1_199' title='bbox 1069 2926 1143 2988; x_wconf 88' lang='lat' dir='ltr'><strong>foco</strong></span> <span class='ocrx_word' id='word_1_200' title='bbox 1172 2926 1307 2988; x_wconf 86' lang='lat' dir='ltr'><strong>lucente</strong></span> <span class='ocrx_word' id='word_1_201' title='bbox 1331 2925 1442 2989; x_wconf 82' lang='lat' dir='ltr'><strong>Tibul·</strong></span> 
     </span>
     <span class='ocr_line' id='line_1_23' title="bbox 310 3039 1442 3120; baseline -0.001 -16"><span class='ocrx_word' id='word_1_202' title='bbox 310 3043 398 3117; x_wconf 74' lang='lat' dir='ltr'><strong>lus·›;</strong></span> <span class='ocrx_word' id='word_1_203' title='bbox 427 3043 467 3104; x_wconf 86' lang='lat' dir='ltr'><strong>cf.</strong></span> <span class='ocrx_word' id='word_1_204' title='bbox 498 3039 578 3104; x_wconf 81' lang='lat' dir='ltr'>CIL.</span> <span class='ocrx_word' id='word_1_205' title='bbox 608 3040 693 3105; x_wconf 86' lang='lat' dir='ltr'>XIV.</span> <span class='ocrx_word' id='word_1_206' title='bbox 716 3041 1103 3120; x_wconf 61' lang='lat' dir='ltr'><strong>ascenaentem</strong></span> <span class='ocrx_word' id='word_1_207' title='bbox 1129 3044 1155 3105; x_wconf 89' lang='lat'><strong>1.</strong></span> <span class='ocrx_word' id='word_1_208' title='bbox 1178 3042 1226 3106; x_wconf 89' lang='lat' dir='ltr'><strong>ed.</strong></span> <span class='ocrx_word' id='word_1_209' title='bbox 1247 3040 1442 3116; x_wconf 79' lang='lat' dir='ltr'><strong>Buecheler,</strong></span> 
     </span>
     <span class='ocr_line' id='line_1_24' title="bbox 293 3149 1438 3239; baseline -0.001 -19"><span class='ocrx_word' id='word_1_210' title='bbox 293 3169 343 3220; x_wconf 88' lang='lat' dir='ltr'><strong>n.</strong></span> <span class='ocrx_word' id='word_1_211' title='bbox 365 3157 462 3236; x_wconf 69' lang='lat' dir='ltr'><strong>lm:</strong></span> <span class='ocrx_word' id='word_1_212' title='bbox 496 3157 598 3220; x_wconf 77' lang='lat' dir='ltr'><strong>«Tum</strong></span> <span class='ocrx_word' id='word_1_213' title='bbox 627 3177 722 3220; x_wconf 88' lang='lat' dir='ltr'><strong>meus</strong></span> <span class='ocrx_word' id='word_1_214' title='bbox 753 3155 892 3221; x_wconf 89' lang='lat' dir='ltr'><strong>adsidue</strong></span> <span class='ocrx_word' id='word_1_215' title='bbox 923 3175 1056 3239; x_wconf 88' lang='lat' dir='ltr'><strong>semper</strong></span> <span class='ocrx_word' id='word_1_216' title='bbox 1085 3159 1170 3221; x_wconf 88' lang='lat' dir='ltr'><strong>bene</strong></span> <span class='ocrx_word' id='word_1_217' title='bbox 1198 3159 1292 3233; x_wconf 84' lang='lat' dir='ltr'><strong>luxit,</strong></span> <span class='ocrx_word' id='word_1_218' title='bbox 1324 3149 1438 3232; x_wconf 87' lang='lat' dir='ltr'><strong>amice,</strong></span> 
     </span>
     <span class='ocr_line' id='line_1_25' title="bbox 313 3271 1444 3356; baseline 0 -20"><span class='ocrx_word' id='word_1_219' title='bbox 313 3275 437 3338; x_wconf 78' lang='lat' dir='ltr'><strong>locus».</strong></span> <span class='ocrx_word' id='word_1_220' title='bbox 467 3311 512 3318; x_wconf 91' lang='lat'><em>-</em></span> <span class='ocrx_word' id='word_1_221' title='bbox 540 3271 646 3353; x_wconf 79' lang='lat' dir='ltr'><strong>Dum,</strong></span> <span class='ocrx_word' id='word_1_222' title='bbox 676 3273 870 3338; x_wconf 92' lang='lat' dir='ltr'><strong>dummodo.</strong></span> <span class='ocrx_word' id='word_1_223' title='bbox 900 3311 945 3318; x_wconf 95' lang='lat'>—</span> <span class='ocrx_word' id='word_1_224' title='bbox 973 3271 1121 3339; x_wconf 78' lang='lat' dir='ltr'><strong>adsiduo</strong></span> <span class='ocrx_word' id='word_1_225' title='bbox 1146 3323 1154 3338; x_wconf 92' lang='lat'>.</span> <span class='ocrx_word' id='word_1_226' title='bbox 1175 3323 1212 3338; x_wconf 92' lang='lat'><strong>..</strong></span> <span class='ocrx_word' id='word_1_227' title='bbox 1242 3273 1335 3355; x_wconf 78' lang='lat' dir='ltr'><strong>ipae,</strong></span> <span class='ocrx_word' id='word_1_228' title='bbox 1366 3274 1444 3356; x_wconf 92' lang='lat' dir='ltr'><strong>quia</strong></span> 
     </span>
     <span class='ocr_line' id='line_1_26' title="bbox 312 3387 1441 3471; baseline 0.002 -21"><span class='ocrx_word' id='word_1_229' title='bbox 312 3408 450 3452; x_wconf 86' lang='lat' dir='ltr'><strong>summae</strong></span> <span class='ocrx_word' id='word_1_230' title='bbox 486 3390 695 3471; x_wconf 87' lang='lat' dir='ltr'><strong>paupertatis</strong></span> <span class='ocrx_word' id='word_1_231' title='bbox 727 3391 778 3452; x_wconf 88' lang='lat' dir='ltr'><strong>est</strong></span> <span class='ocrx_word' id='word_1_232' title='bbox 812 3390 906 3452; x_wconf 87' lang='lat' dir='ltr'><strong>focus</strong></span> <span class='ocrx_word' id='word_1_233' title='bbox 941 3389 1133 3464; x_wconf 86' lang='lat' dir='ltr'><strong>exstinctus,</strong></span> <span class='ocrx_word' id='word_1_234' title='bbox 1168 3390 1206 3452; x_wconf 92' lang='lat' dir='ltr'><strong>ut</strong></span> <span class='ocrx_word' id='word_1_235' title='bbox 1236 3387 1356 3452; x_wconf 80' lang='lat' dir='ltr'><strong>Catull.</strong></span> <span class='ocrx_word' id='word_1_236' title='bbox 1389 3390 1441 3464; x_wconf 71' lang='grc'><strong>13,</strong></span> 
     </span>
     <span class='ocr_line' id='line_1_27' title="bbox 315 3501 1443 3585; baseline 0 -19"><span class='ocrx_word' id='word_1_237' title='bbox 315 3505 419 3567; x_wconf 78' lang='lat' dir='ltr'><strong>1-a:</strong></span> <span class='ocrx_word' id='word_1_238' title='bbox 444 3501 552 3578; x_wconf 82' lang='lat' dir='ltr'><strong>«Furi,</strong></span> <span class='ocrx_word' id='word_1_239' title='bbox 574 3505 628 3566; x_wconf 92' lang='lat' dir='ltr'><strong>cui</strong></span> <span class='ocrx_word' id='word_1_240' title='bbox 656 3523 766 3585; x_wconf 89' lang='lat' dir='ltr'><strong>neque</strong></span> <span class='ocrx_word' id='word_1_241' title='bbox 796 3522 911 3567; x_wconf 89' lang='lat' dir='ltr'><strong>servus</strong></span> <span class='ocrx_word' id='word_1_242' title='bbox 942 3506 992 3566; x_wconf 90' lang='lat' dir='ltr'><strong>est</strong></span> <span class='ocrx_word' id='word_1_243' title='bbox 1019 3523 1128 3584; x_wconf 88' lang='lat' dir='ltr'><strong>neque</strong></span> <span class='ocrx_word' id='word_1_244' title='bbox 1153 3522 1231 3567; x_wconf 91' lang='lat' dir='ltr'><strong>arca</strong></span> <span class='ocrx_word' id='word_1_245' title='bbox 1249 3503 1317 3566; x_wconf 87' lang='lat' dir='ltr'><strong>Nec</strong></span> <span class='ocrx_word' id='word_1_246' title='bbox 1336 3505 1443 3567; x_wconf 84' lang='lat' dir='ltr'><strong>cimex</strong></span> 
     </span>
     <span class='ocr_line' id='line_1_28' title="bbox 311 3619 1443 3703; baseline 0.001 -22"><span class='ocrx_word' id='word_1_247' title='bbox 311 3639 419 3700; x_wconf 91' lang='lat' dir='ltr'><strong>neque</strong></span> <span class='ocrx_word' id='word_1_248' title='bbox 440 3640 583 3683; x_wconf 88' lang='lat' dir='ltr'><strong>araneus</strong></span> <span class='ocrx_word' id='word_1_249' title='bbox 602 3641 712 3703; x_wconf 89' lang='lat' dir='ltr'><strong>neque</strong></span> <span class='ocrx_word' id='word_1_250' title='bbox 724 3622 846 3702; x_wconf 83' lang='lat' dir='ltr'><strong>ignis».</strong></span> <span class='ocrx_word' id='word_1_251' title='bbox 860 3620 987 3683; x_wconf 88' lang='lat' dir='ltr'><strong>Focum</strong></span> <span class='ocrx_word' id='word_1_252' title='bbox 1000 3639 1186 3701; x_wconf 87' lang='lat' dir='ltr'><strong>perennem</strong></span> <span class='ocrx_word' id='word_1_253' title='bbox 1203 3619 1321 3682; x_wconf 85' lang='lat' dir='ltr'><strong>laudat</strong></span> <span class='ocrx_word' id='word_1_254' title='bbox 1341 3619 1443 3683; x_wconf 85' lang='lat' dir='ltr'><strong>ctiam</strong></span> 
     </span>
     <span class='ocr_line' id='line_1_29' title="bbox 312 3733 1441 3820; baseline 0.003 -23"><span class='ocrx_word' id='word_1_255' title='bbox 312 3733 456 3798; x_wconf 88' lang='lat' dir='ltr'><strong>Martial.</strong></span> <span class='ocrx_word' id='word_1_256' title='bbox 477 3734 517 3799; x_wconf 88' lang='lat' dir='ltr'><strong>X.</strong></span> <span class='ocrx_word' id='word_1_257' title='bbox 537 3737 591 3811; x_wconf 81' lang='lat'><strong>47,</strong></span> <span class='ocrx_word' id='word_1_258' title='bbox 616 3739 644 3800; x_wconf 88' lang='lat'><strong>1.</strong></span> <span class='ocrx_word' id='word_1_259' title='bbox 666 3757 756 3819; x_wconf 90' lang='lat' dir='ltr'>sqq.:</span> <span class='ocrx_word' id='word_1_260' title='bbox 781 3737 910 3800; x_wconf 84' lang='lat' dir='ltr'><strong>«Vitam</strong></span> <span class='ocrx_word' id='word_1_261' title='bbox 932 3757 1003 3820; x_wconf 84' lang='lat' dir='ltr'><strong>quae</strong></span> <span class='ocrx_word' id='word_1_262' title='bbox 1025 3737 1151 3799; x_wconf 86' lang='lat' dir='ltr'><strong>iaciant</strong></span> <span class='ocrx_word' id='word_1_263' title='bbox 1172 3737 1411 3802; x_wconf 86' lang='lat' dir='ltr'><strong>beatiorem..</strong></span> <span class='ocrx_word' id='word_1_264' title='bbox 1433 3785 1441 3800; x_wconf 96' lang='lat'>.</span> 
     </span>
     <span class='ocr_line' id='line_1_30' title="bbox 313 3853 903 3934; baseline 0.005 -20"><span class='ocrx_word' id='word_1_265' title='bbox 313 3853 383 3914; x_wconf 86' lang='lat' dir='ltr'><strong>haec</strong></span> <span class='ocrx_word' id='word_1_266' title='bbox 403 3855 501 3915; x_wconf 90' lang='lat' dir='ltr'><strong>sunt:</strong></span> <span class='ocrx_word' id='word_1_267' title='bbox 521 3853 616 3916; x_wconf 88' lang='lat' dir='ltr'><strong>focus</strong></span> <span class='ocrx_word' id='word_1_268' title='bbox 639 3855 817 3934; x_wconf 83' lang='lat' dir='ltr'><strong>perennis»</strong></span> <span class='ocrx_word' id='word_1_269' title='bbox 843 3857 903 3917; x_wconf 91' lang='lat' dir='ltr'><strong>etc.</strong></span> 
     </span>
    </p>

    <p class='ocr_par' dir='ltr' id='par_1_3' title="bbox 312 3964 1444 4281">
     <span class='ocr_line' id='line_1_31' title="bbox 357 3964 1443 4051; baseline 0.004 -22"><span class='ocrx_word' id='word_1_270' title='bbox 357 3965 394 4030; x_wconf 91' lang='lat' dir='ltr'><strong>V.</strong></span> <span class='ocrx_word' id='word_1_271' title='bbox 416 3967 536 4030; x_wconf 86' lang='lat'>7—10.</span> <span class='ocrx_word' id='word_1_272' title='bbox 566 3964 644 4050; x_wconf 81' lang='lat' dir='ltr'><strong>lpse</strong></span> <span class='ocrx_word' id='word_1_273' title='bbox 679 3986 795 4032; x_wconf 81' lang='lat' dir='ltr'><strong>seram</strong></span> <span class='ocrx_word' id='word_1_274' title='bbox 829 3970 964 4033; x_wconf 79' lang='lat' dir='ltr'><strong>teucros</strong></span> <span class='ocrx_word' id='word_1_275' title='bbox 998 3971 1136 4033; x_wconf 77' lang='lat' dir='ltr'><strong>maturo</strong></span> <span class='ocrx_word' id='word_1_276' title='bbox 1172 3970 1321 4051; x_wconf 78' lang='lat' dir='ltr'><strong>tempore</strong></span> <span class='ocrx_word' id='word_1_277' title='bbox 1349 3967 1443 4050; x_wconf 83' lang='lat' dir='ltr'><strong>vites,</strong></span> 
     </span>
     <span class='ocr_line' id='line_1_32' title="bbox 312 4082 1443 4165; baseline 0 -19"><span class='ocrx_word' id='word_1_278' title='bbox 312 4083 425 4146; x_wconf 91' lang='lat' dir='ltr'><strong>locum</strong></span> <span class='ocrx_word' id='word_1_279' title='bbox 455 4083 607 4145; x_wconf 78' lang='lat' dir='ltr'><strong>imItatur</strong></span> <span class='ocrx_word' id='word_1_280' title='bbox 637 4083 785 4165; x_wconf 88' lang='lat' dir='ltr'><strong>Propert.</strong></span> <span class='ocrx_word' id='word_1_281' title='bbox 816 4082 877 4147; x_wconf 86' lang='lat' dir='ltr'><strong>III</strong></span> <span class='ocrx_word' id='word_1_282' title='bbox 913 4085 963 4160; x_wconf 83' lang='lat'><strong>17,</strong></span> <span class='ocrx_word' id='word_1_283' title='bbox 999 4086 1058 4147; x_wconf 87' lang='lat'><strong>15:</strong></span> <span class='ocrx_word' id='word_1_284' title='bbox 1095 4084 1188 4165; x_wconf 87' lang='lat' dir='ltr'><strong>«lpse</strong></span> <span class='ocrx_word' id='word_1_285' title='bbox 1218 4103 1328 4146; x_wconf 89' lang='lat' dir='ltr'><strong>seram</strong></span> <span class='ocrx_word' id='word_1_286' title='bbox 1357 4083 1443 4147; x_wconf 82' lang='lat' dir='ltr'><strong>vites</strong></span> 
     </span>
     <span class='ocr_line' id='line_1_33' title="bbox 313 4197 1444 4281; baseline -0.002 -19"><span class='ocrx_word' id='word_1_287' title='bbox 313 4218 525 4281; x_wconf 84' lang='lat' dir='ltr'><strong>pangamque</strong></span> <span class='ocrx_word' id='word_1_288' title='bbox 555 4218 593 4260; x_wconf 87' lang='lat' dir='ltr'><strong>ex</strong></span> <span class='ocrx_word' id='word_1_289' title='bbox 622 4198 739 4262; x_wconf 88' lang='lat' dir='ltr'><strong>ordine</strong></span> <span class='ocrx_word' id='word_1_290' title='bbox 768 4199 902 4262; x_wconf 88' lang='lat' dir='ltr'><strong>colles».</strong></span> <span class='ocrx_word' id='word_1_291' title='bbox 928 4235 972 4243; x_wconf 91' lang='lat'><strong>—</strong></span> <span class='ocrx_word' id='word_1_292' title='bbox 1002 4202 1138 4276; x_wconf 75' lang='lat' dir='ltr'><strong>teneras</strong></span> <span class='ocrx_word' id='word_1_293' title='bbox 1166 4199 1328 4279; x_wconf 79' lang='lat' dir='ltr'><strong>viie8,&#39;ut</strong></span> <span class='ocrx_word' id='word_1_294' title='bbox 1355 4197 1444 4261; x_wconf 85' lang='lat' dir='ltr'><strong>inira</strong></span> 
     </span>
    </p>
   </div>
   <div class='ocr_carea' id='block_1_3' title="bbox 0 0 1655 4896">
    <p class='ocr_par' dir='ltr' id='par_1_4' title="bbox 0 0 1655 4896">
     <span class='ocr_line' id='line_1_34' title="bbox 0 0 1655 4896; baseline 0 0"><span class='ocrx_word' id='word_1_295' title='bbox 0 0 1655 4896; x_wconf 95' lang='lat' dir='ltr'><strong> </strong></span> 
     </span>
    </p>
   </div>
  </div>
 </body>
</html>
