3268 4896
465 1207 839 1292 DETESTA'PIO
867 1206 1067 1293 BELLI.

589 1475 591 1482 “
622 1462 689 1526 Lib.
710 1462 735 1524 1.
757 1462 842 1538 eleg.
865 1463 913 1524 10.
1021 1471 1022 1477 ’

248 1679 528 1746 IntroductiO.
547 1679 598 1742 Ad
625 1678 752 1743 bellum
779 1679 990 1759 profecturus
1019 1678 1203 1743 detestatur
1233 1700 1331 1744 enses

203 1799 238 1860 et
264 1797 383 1879 proelia
411 1815 613 1878 causamque
641 1793 817 1870 bellorum,
847 1793 1042 1869 avaritiam
1072 1794 1188 1858 laudat
1215 1797 1333 1860 contra

204 1932 315 1975 aureae
344 1912 452 1976 aetatis
481 1911 694 1975 securitatem
713 1911 856 1988 (1-14).
877 1908 1035 1973 Precstur
1053 1910 1156 1973 Lares
1177 1930 1264 1984 suos,
1295 1916 1333 1975 ut

203 2027 272 2092 tela
290 2028 439 2091 hostium
452 2029 605 2091 avertant
617 2025 725 2106 iisque
744 2045 806 2106 pro
819 2025 909 2088 felici
921 2025 1031 2088 reditu
1043 2027 1122 2090 vota
1141 2026 1333 2106 1101105-

205 2145 268 2222 32)
289 2143 432 2207 Insanos
451 2142 532 2205 dicit
551 2161 617 2217 eos,
639 2142 697 2223 qui
715 2142 858 2204 mortem
877 2141 1080 2206 horrendam
1098 2141 1196 2205 bellis
1209 2143 1332 2207 accele-

205 2261 280 2321 rent
299 2277 399 2339 seque
417 2276 520 2337 parvo
539 2259 737 2319 contentum
756 2275 833 2319 cum
851 2274 953 2318 uxore
973 2258 1006 2318 et
1024 2255 1115 2320 natis
1135 2275 1210 2319 rure
1222 2257 1332 2320 vivere
1388 2317 1394 2328 ,

205 2371 316 2455 ibique
336 2391 574 2436 consenescere
592 2370 694 2434 molle
723 2368 868 2433 affirmat
886 2371 1051 2450 (33-44).
1074 2366 1232 2453 Sequitur
1258 2371 1333 2435 laus

202 2485 309 2550 Pacis.
339 2484 427 2549 Nam
456 2503 537 2566 pace
566 2485 768 2566 agricultura
795 2485 894 2565 viget,
923 2483 1001 2547 laeta
1027 2485 1230 2549 rusticorum
1249 2487 1335 2550 festa

204 2601 417 2665 celebrantur
435 2602 600 2680 (45—52).
630 2600 706 2665 Non
733 2601 862 2676 Martis,
893 2599 952 2664 sed
969 2600 1111 2665 Veneris
1139 2601 1227 2666 bella
1254 2607 1335 2666 tunc

205 2719 368 2798 geruntur
386 2716 551 2795 (53—66).
581 2715 622 2777 in
648 2713 736 2779 fine:
765 2715 933 2779 invocatio
962 2714 1032 2778 deae
1051 2714 1147 2779 Pacis
1166 2717 1287 2795 (ol—7
1291 2718 1332 2797 8).

252 2829 391 2912 Scripsit
420 2832 521 2912 poeta
551 2830 694 2911 elegiam
724 2829 951 2894 verisimiliter
979 2850 1007 2894 a.
1041 2831 1092 2894 31.
1124 2851 1151 2894 a
1182 2830 1256 2895 Chr.
1273 2853 1332 2908 n,

206 2947 402 3029 priusquam
434 2945 477 3009 ad
505 2945 632 3008 beilum
662 2945 899 3028 Aquitanicum
934 2945 1232 3029 proficisceretur*
1262 2946 1337 3011 Hoc

204 3061 356 3125 carmine
384 3079 509 3124 novam
536 3060 722 3142 ingreditur
739 3062 849 3124 viam:
879 3062 1003 3124 reiecta
1031 3062 1121 3126 enim
1140 3061 1336 3125 Alexandri·

206 3196 330 3241 norum
358 3175 556 3251 imitatione,
588 3195 688 3258 quam
719 3176 833 3256 elegiae
860 3176 1017 3240 Marathe
1046 3182 1182 3242 sacratae
1210 3199 1279 3259 prae
1300 3199 1336 3242 se

207 3293 329 3369 ierunt,
350 3289 534 3372 spretisque
554 3290 702 3353 lasciviis
722 3309 803 3352 suus
823 3309 895 3354 esse
919 3290 1038 3377 incipit
1058 3291 1336 3376 dulcissimaeque

205 3425 328 3471 sensus
348 3406 529 3470 amatorios
547 3405 693 3468 iucunde
713 3405 831 3468 miscet
849 3404 1033 3468 laudovitae
1053 3407 1194 3484 rusticae,
1215 3409 1252 3472 in
1272 3428 1337 3490 qua

208 3519 349 3603 Vergilii
366 3520 507 3602 Eclogas
527 3526 559 3584 et
580 3520 743 3602 Georgica
771 3524 849 3584 ante
878 3522 992 3585 oculos
1021 3521 1132 3587 habet.
1155 3524 1249 3587 Talia
1267 3544 1337 3588 car·
1431 3573 1435 3578 -

205 3638 303 3708 mina
322 3636 464 3701 sunt:L
489 3637 548 3712 10;
568 3636 592 3698 L
616 3638 644 3712 3,
669 3639 696 3712 1,
717 3639 747 3712 5,
769 3638 799 3712 i,
822 3637 907 3711 6;1.
929 3637 967 3711 7;
987 3636 1029 3699 IL
1056 3638 1081 3701 1.

253 3751 290 3817 V.
315 3752 410 3816 1-6.
425 3751 586 3836 protulit,
608 3752 748 3828 invenit,
768 3755 806 3816 ut
825 3751 890 3816 Oic.
911 3752 1010 3816 Acarl
1031 3752 1073 3815 Π.
1100 3756 1125 3828 1,
1149 3755 1188 3817 l:
1213 3757 1337 3818 «artem

205 3868 387 3944 memoriae,
408 3888 480 3950 quae
499 3871 572 3931 tum
600 3870 748 3951 primum
775 3869 1040 3951 proferebatur»;
1060 3868 1141 3933 Hor.
1161 3870 1197 3934 An
1219 3870 1253 3934 P.
1274 3872 1337 3934 58:

213 4000 321 4047 «nova
354 4003 466 4048 rerum
500 3983 646 4048 Nomina
663 3984 890 4071 sprotulerit»;
925 3984 1023 4067 Prop.
1052 3983 1094 4052 Π.
1126 3986 1154 4059 6,
1186 3985 1338 4050 31-3a:

256 4229 273 4264 *
293 4229 335 4286 cf.
353 4229 430 4284 inira
449 4231 570 4286 Excurs.
587 4231 627 4284 Π.
