3268 4896
319 407 369 460 ¹32
746 427 789 471 ar>
804 427 828 471 1.
846 424 871 486 1,
891 423 1015 472 re-as.

362 602 400 667 V.
424 605 563 667 15-18.
592 599 704 668 Flavo
736 598 848 683 Ceres,
882 606 920 666 ut
954 602 1053 690 Hom.
1086 601 1125 666 Il.
1157 601 1195 666 V.
1228 603 1314 666 500:
1344 601 1445 688 lectt

318 717 466 806 Δημήτηρ
477 744 485 797 ;
506 720 546 783 cf.
566 719 662 800 Verg.
684 714 742 782 Ge.
762 718 788 782 Ι.
809 720 872 782 96:
897 717 1018 781 «Flava
1038 716 1138 780 Ceres
1155 718 1222 781 alto
1242 718 1451 800 nequiquam·

319 837 447 917 spectat
475 832 635 916 Olympo»
660 837 693 895 et
722 830 812 896 Serv.
842 831 885 894 ad
911 832 944 895 h.
965 832 1007 895 l.:
1033 830 1137 895 «flava
1161 830 1282 895 dicitur
1310 834 1448 913 propter

319 949 497 1013 aristarum
528 951 675 1014 colorem
706 949 742 1013 in
772 949 1002 1024 maturitate»;
1034 946 1091 1012 Ov.
1122 948 1195 1011 Am.
1227 946 1286 1010 ΙΠ.
1324 949 1373 1022 10,
1406 949 1446 1011 3:

323 1063 443 1128 «Flava
472 1063 581 1142 Ceres,
601 1068 720 1127 tenues
749 1063 851 1146 spicis
880 1062 1036 1126 redimita
1064 1061 1235 1144 capillos».
1256 1099 1302 1106 -—
1319 1078 1448 1126 corsua

320 1174 453 1263 Spicea,
470 1180 509 1240 ut
525 1177 608 1242 Hor.
626 1176 733 1241 Germ.
764 1197 836 1241 sac.
867 1179 1020 1242 att—30:
1045 1175 1199 1239 «Fertilis
1212 1193 1214 1200 ·
1227 1177 1362 1257 frugum
1389 1195 1447 1258 pe·

319 1295 470 1375 conisque
498 1293 609 1357 Tellus
638 1293 757 1376 Spicea
784 1294 887 1358 donet
916 1293 1070 1358 Cererem
1099 1312 1255 1356 corona».
1286 1290 1333 1355 Of.
1354 1291 1445 1355 Paul

317 1408 407 1472 Fest.
438 1427 463 1471 s.
492 1426 521 1471 v.
553 1406 712 1474 Samma
741 1411 784 1490 (p.
805 1409 881 1473 465.
905 1408 954 1472 ed.
975 1407 1194 1485 Thewrewk):
1219 1407 1447 1487 cpraemetium

320 1522 360 1586 de
380 1523 491 1604 spicis,
504 1519 586 1604 quas
599 1523 745 1605 primum
756 1524 988 1598 messuissent‚
1004 1521 1236 1586 sacrificabant
1248 1521 1393 1586 Cereri».
1404 1557 1449 1564 —

318 1639 424 1704 ruber
443 1643 569 1716 custos,
589 1643 660 1703 erat
679 1640 770 1703 enim
789 1639 901 1720 Priapi
931 1640 1148 1702 simulacrum
1168 1639 1204 1702 in
1223 1637 1330 1700 hortis
1359 1635 1447 1720 posi·

319 1759 392 1821 tum
415 1758 610 1839 plerumque
638 1755 744 1820 rninio
772 1757 920 1838 pictum3
949 1757 989 1819 cf.
1011 1754 1069 1819 Ov.
1089 1755 1180 1818 Fast.
1201 1755 1255 1818 VI.
1279 1755 1363 1817 333:
1388 1752 1448 1814 «At

321 1871 420 1936 ruber
437 1873 611 1936 herlerum
630 1877 760 1936 custos»
785 1876 818 1935 et
836 1872 915 1937 ibid.
935 1872 960 1936 Ι.
975 1874 1060 1936 415:
1079 1873 1138 1934 «At
1150 1871 1259 1946 ruber,
1274 1872 1448 1934 hortorum

321 1986 421 2050 decus
434 1993 467 2050 et
484 1988 599 2060 tutela,
620 1987 778 2069 Priapus»
785 2009 794 2062 3
815 1986 922 2051 Carm.
943 1987 1051 2068 Priap.
1076 1989 1104 2061 1,
1125 1988 1165 2050 5:
1190 1985 1307 2049 «ruber
1336 1986 1448 2048 horto-

321 2101 556 2167 rum'custos»
582 2105 615 2164 et
634 2104 686 2177 82,
709 2104 816 2166 6-8:
842 2103 987 2184 «Priape,
1020 2104 1077 2185 qui
1106 2102 1167 2166 sub
1197 2103 1325 2166 arboris
1354 2090 1448 2165 coma

322 2215 417 2284 Soles
436 2268 444 2282 .
465 2267 473 2282 .
494 2267 502 2281 .
522 2217 636 2281 Ruber
666 2217 780 2282 sedere
812 2239 888 2282 oum
918 2221 1059 2284 rubente
1090 2220 1252 2283 fascino».
1281 2219 1383 2282 Plura
1408 2217 1448 2280 ds

321 2335 441 2416 Priapo
460 2332 535 2398 vide
555 2355 657 2416 supra
683 2335 720 2398 in
748 2335 997 2402 introductione
1018 2324 1058 2400 sd
1077 2338 1102 2400 Ι.
1124 2339 1154 2401 t.
1175 2374 1221 2380 -
1245 2335 1385 2400 Terreat
1411 2335 1448 2397 ut

321 2467 412 2514 sceva
427 2447 514 2534 soloe
526 2445 677 2532 Priapos
691 2469 781 2525 ovea,
794 2471 874 2514 nam
887 2450 1027 2532 Priapus
1047 2451 1162 2514 dextra
1180 2451 1302 2514 sulcem
1314 2449 1450 2513 tenebat

324 2563 457 2645 eratque
469 2561 646 2645 proprium
666 2563 720 2627 dei
740 2563 887 2627 officium
907 2568 998 2628 fures
1012 2569 1045 2628 et
1058 2585 1135 2629 aves
1155 2585 1267 2629 arcere
1278 2587 1287 2641 3
1307 2565 1347 2628 ci.
1368 2563 1448 2627 Hor.

324 2678 390 2744 Sat.
410 2680 435 2743 I.
458 2680 487 2755 8,
509 2680 615 2743 3—7:
640 2678 739 2743 «deus
757 2679 836 2742 inde
867 2699 936 2759 ego,
958 2681 1071 2743 furum
1100 2682 1279 2762 aviumque
1303 2680 1450 2743 Maxima

322 2793 484 2869 formido;
513 2814 592 2856 nam
612 2795 701 2857 fures
722 2794 836 2858 dextra
855 2799 985 2858 coercet
1004 2794 1231 2877 Obscsenoque
1255 2796 1356 2859 ruber
1373 2803 1448 2879 por·

322 2912 432 2974 rectus
452 2907 492 2972 ab
511 2909 650 2989 inguine
668 2909 766 2990 palus
776 2931 785 2983 ;
805 2909 865 2972 Ast
883 2910 1096 2992 importunos
1108 2912 1260 2975 volucres
1279 2912 1316 2975 in
1328 2911 1450 2975 vertice

323 3025 451 3092 arundo
471 3025 585 3089 Terret
610 3024 675 3089 fixa
693 3028 848 3106 vetatque
876 3027 975 3089 novis
1002 3026 1176 3090 considere
1204 3028 1240 3090 in
1269 3027 1394 3090 hortisr
1418 3027 1452 3088 et

322 3141 417 3221 Verg.
450 3139 507 3204 Ge.
536 3139 590 3203 IV.
615 3142 809 3203 110—111:
835 3140 895 3204 «Et
923 3144 1034 3204 custos
1065 3142 1179 3204 iurum
1207 3145 1306 3223 atque
1339 3143 1450 3205 avium

323 3278 398 3321 oum
433 3256 518 3319 iales
552 3253 683 3336 saligna
716 3256 984 3339 Hellespontiaci
1020 3261 1128 3322 servet
1161 3259 1268 3321 tutela
1304 3258 1450 3340 Priapir;

322 3372 380 3438 Ov.
401 3372 480 3436 Met.
501 3372 585 3436 XIV.
608 3373 692 3436 640:
717 3373 866 3455 «Quique
895 3365 977 3438 deus
1006 3376 1097 3438 fures
1126 3375 1179 3438 vel
1208 3375 1293 3437 falce
1322 3375 1376 3438 vel
1396 3365 1451 3437 ¹in·

323 3489 424 3571 guine
452 3491 584 3551 terret».
605 3525 651 3531 --
670 3506 763 3553 scatio
788 3489 888 3573 soloe,
915 3493 953 3552 ut
982 3509 1082 3570 supra
1110 3490 1135 3553 Ι.
1166 3491 1197 3566 t,
1219 3490 1259 3552 8:
1284 3492 1452 3552 «armatus

324 3624 423 3668 curva
442 3653 449 3667 .
471 3652 479 3666 .
500 3652 507 3666 .
529 3604 544 3665 f
564 3603 612 3665 lce
633 3603 746 3666 deus».

337 3735 340 3744 ’
367 3718 404 3782 V.
429 3719 567 3781 trs-ec.
588 3716 698 3801 felicis
729 3718 916 3801 quondam,
945 3715 1037 3785 carce
1058 3720 1227 3802 pauperes
1256 3721 1343 3805 apri,
1374 3720 1452 3802 quia

323 3834 466 3896 maiores
485 3831 609 3894 Tibulli
628 3832 765 3895 ditiores
786 3833 930 3906 fuerunt,
953 3854 1053 3915 quam
1072 3839 1173 3916 poeta
1191 3835 1266 3917 ipse
1277 3857 1285 3909 ;
1305 3835 1344 3898 oi.
1363 3834 1452 3896 infra

322 3944 558 4012 vossii—ll.
590 3951 624 4010 et
652 3950 727 4012 adn.
759 3948 852 4012 adh.
874 3950 895 4012 l.
916 3949 1102 4035 —felr'ci3,
1131 3951 1252 4024 divitis,
1283 3956 1322 4014 ut
1350 3951 1451 4014 etiam

325 4063 441 4127 beatas
462 4082 550 4143 saepe
569 4065 706 4145 ponitur
726 4085 807 4146 pro:
828 4064 930 4129 dives.
951 4103 996 4110 -
1015 4059 1094 4150 apri
1112 4054 1269 4133 custodes
1288 4117 1296 4130 .
1318 4117 1325 4131 .
1347 4116 1355 4131 .
1377 4056 1451 4132 La·

322 4194 385 4257 ree,
406 4177 516 4256 egitur
535 4177 575 4239 de
595 4177 736 4242 Laribus
766 4181 997 4257 familiaribus,
1019 4183 1219 4265 inquorum
1248 4183 1353 4246 tutela
1383 4184 1454 4245 erat
