3306 4896
733 451 754 494 1.
773 448 800 493 7.

290 624 357 688 Aut
376 624 497 706 quibus
516 624 552 688 in
571 625 669 688 terris
688 625 873 689 occuluisse
894 629 1017 707 eaput?

245 740 290 804 Te
309 745 446 823 propter
463 739 575 803 nullos
595 739 695 804 tellus
714 744 774 804 tua
792 742 941 822 postulat
960 742 1094 817 imbres,

289 855 389 919 Arida
408 875 470 918 neo
488 854 602 936 pluvio
623 856 790 937 supplioat
808 856 912 920 herba
930 857 1011 920 Iovi.

245 973 289 1036 Te
309 974 400 1036 oanit
419 976 516 1055 atque
538 992 638 1036 suum
656 972 761 1054 pubes
780 973 921 1036 miratur
940 971 1063 1036 Osirim

289 1088 446 1163 Barbara,
465 1087 676 1170 Memphiten
694 1089 854 1171 plangere
873 1088 971 1152 docta
990 1091 1119 1153 bovem.

244 1203 375 1268 Primus
396 1207 505 1268 aratra
524 1225 627 1268 manu
648 1204 775 1267 sollerti
795 1205 874 1267 feeit
893 1202 998 1268 Osiris

291 1319 334 1382 Et
352 1321 610 1384 teneremferro
631 1319 824 1383 sollicitavit
843 1320 994 1394 humum,

244 1436 377 1500 Primus
395 1437 574 1517 inexperta
594 1437 762 1499 sommisit
782 1437 912 1499 semina
931 1439 1026 1498 terrae

289 1551 459 1633 Pomaque
479 1570 549 1615 non
568 1553 658 1615 notis
678 1551 761 1632 legit
780 1551 820 1613 ab
840 1550 1023 1613 arboribus.

245 1666 310 1729 Hie
329 1666 442 1729 doeuit
460 1669 609 1729 teneram
629 1667 716 1748 palis
736 1666 917 1746 adiungere
936 1666 1050 1732 vitem.

289 1782 353 1845 Hie
371 1781 513 1845 viridem
532 1780 614 1844 dura
634 1781 758 1844 saedere
778 1781 862 1844 falce
882 1800 1031 1844 comam:

244 1897 301 1960 Illi
321 1897 485 1960 iuoundos
503 1896 648 1977 primum
669 1900 802 1959 matura
823 1915 958 1977 sapores

288 2012 452 2094 Expressa
471 2010 618 2074 insuetis
632 2030 696 2073 uva
716 2011 806 2073 dedit
825 2011 974 2093 pedibus.

245 2128 306 2192 Ille
325 2129 436 2210 liquor
455 2127 568 2191 doeuit
585 2147 682 2192 voees
702 2127 871 2192 inflectere
892 2132 1001 2202 cautu,

290 2244 396 2308 Movit
416 2249 447 2307 et
467 2243 509 2307 ad
528 2249 635 2307 oertos
655 2246 769 2308 nescia
788 2244 939 2307 membra
958 2244 1094 2307 modos:

243 2359 394 2423 Bacchus
415 2363 447 2423 et
467 2361 618 2440 agricolae
638 2380 760 2442 magno
781 2362 932 2424 eonfeeta
951 2361 1065 2423 labore

288 2477 426 2540 Pectore
445 2477 569 2540 laetitiae
588 2477 805 2540 dissoluenda
823 2477 933 2540 dedit:

245 2591 396 2654 Baoohus
417 2595 449 2654 et
469 2590 611 2656 adflictis
631 2593 780 2674 requiem
798 2592 998 2656 mortalibus
1018 2593 1133 2667 adfert,

290 2708 393 2772 Crura
412 2708 489 2772 lieet
508 2707 590 2772 dura
610 2709 769 2790 compede
788 2708 887 2790 pulsa
907 2714 1038 2771 sonent.

243 2823 318 2887 Non
337 2823 399 2886 tibi
419 2828 497 2887 sunt
517 2825 628 2888 tristes
648 2844 733 2887 ourae
752 2844 813 2887 nee
833 2825 952 2898 luctus,
975 2823 1071 2892 Osiri.

290 2935 353 3000 Sed
372 2938 493 3001 chorus
515 2941 546 3001 et
565 2943 684 3001 cantus
705 2944 737 3002 et
756 2939 839 3003 levis
859 2942 957 3021 aptus
978 2957 1080 3008 amor,

243 3050 309 3116 Sed
326 3053 410 3116 varii
428 3051 528 3117 flores
548 3057 580 3118 et
599 3056 693 3117 frons
712 3055 868 3119 redimita
888 3054 1061 3136 corymbis,

286 3168 376 3232 Fusa
396 3168 454 3232 sed
473 3169 514 3233 ed
534 3171 667 3234 teneros
686 3170 779 3233 lutea
797 3169 888 3253 palla
907 3169 1009 3252 pedes

242 3283 286 3346 Et
305 3282 409 3365 Tyriae
428 3289 539 3348 vestes
559 3287 591 3347 et
609 3285 716 3348 duleis
735 3285 818 3347 tibia
837 3287 938 3347 cantu

287 3398 330 3461 Et
348 3398 432 3462 levis
451 3399 590 3462 occultis
609 3401 744 3462 conseia
762 3401 844 3462 eista
865 3400 975 3463 saeris.

241 3512 317 3576 Huo
335 3512 415 3576 ades
435 3518 467 3576 et
486 3520 620 3577 eentum
640 3513 729 3576 ludis
750 3513 960 3595 Geniumque
980 3513 1110 3577 choreis

287 3625 488 3693 Concelebra
509 3632 541 3691 et
560 3629 667 3692 multo
687 3632 840 3710 tempora
859 3628 961 3691 funde
980 3648 1091 3691 mero:

241 3742 338 3808 Illius
358 3747 391 3806 et
409 3743 516 3807 nitido
537 3744 666 3807 stillent
685 3748 859 3824 unguenta
878 3743 1009 3823 capillo

254 3917 258 3922 .
284 3858 329 3921 Et
346 3859 454 3940 eapite
475 3863 509 3922 et
526 3859 612 3922 eollo
633 3859 750 3922 mollia
770 3862 858 3921 serta
877 3863 980 3938 gerat.

241 3971 295 4037 Sie
314 3973 429 4037 venias
450 3974 629 4038 hodierne:
650 3974 712 4037 tibi
730 3974 806 4036 dem
825 3975 910 4037 turis
931 3974 1085 4049 honores,

284 4087 369 4152 Liba
389 4095 422 4152 et
440 4088 617 4172 Mopsopio
637 4089 747 4152 duloia
765 4091 866 4153 melle
887 4090 999 4152 feram.

241 4204 285 4267 At
302 4203 364 4268 tibi
384 4207 569 4269 suoereseat
587 4206 707 4287 proles,
729 4226 801 4287 quae
821 4206 908 4268 faeta
927 4206 1078 4286 parentis
