3306 4896
509 1184 581 1267 IN
608 1183 912 1265 NATALEM
940 1183 1304 1266 MESSALLAE,

850 1521 885 1598 (1-
909 1522 952 1600 7·)

384 1651 484 1714 Hune
504 1652 653 1714 cecinere
674 1650 762 1716 diem
781 1653 891 1717 Parcae
912 1655 1028 1718 fatalia
1047 1657 1165 1717 nentes

430 1764 592 1843 Stamina,
613 1787 683 1829 non
701 1767 763 1830 ulli
784 1766 999 1833 dissoluenda
1019 1768 1100 1831 deo:
1333 1845 1335 1849 ,

384 1880 483 1944 Hunc
502 1883 583 1958 foro,
603 1881 787 1964 Aquitanas
807 1886 922 1965 posset
940 1884 997 1966 qui
1017 1883 1156 1946 fundere
1176 1886 1302 1964 gentos,

431 1998 536 2077 Quem
555 2001 714 2061 tremeret
732 1999 810 2062 forti
829 1999 936 2062 milite
956 2001 1063 2062 vietus
1082 1999 1174 2062 Atax.
1262 2007 1263 2010 ’

315 2144 327 2181 ⁵
383 2113 553 2175 Evenere:
573 2132 679 2177 novos
697 2113 803 2194 pubes
822 2112 977 2176 Romana
995 2114 1185 2195 triumphos
1258 2171 1266 2186 ,

429 2227 521 2291 Vidit
540 2230 572 2290 et
592 2229 740 2290 evinctos
759 2228 915 2293 bracchia
934 2233 1030 2311 capta
1050 2228 1168 2292 duces:

384 2345 478 2407 Atto
498 2344 648 2407 victrices
667 2343 790 2417 laurea,
810 2343 980 2421 Messalla,
1000 2349 1171 2425 gerentem

430 2460 588 2523 Portabat
606 2460 714 2522 niveis
734 2478 849 2522 currus
869 2460 1015 2522 eburnus
1037 2459 1140 2540 equis.

385 2576 460 2639 Non
480 2577 552 2638 sine
572 2595 626 2637 me
648 2579 698 2639 est
716 2575 777 2638 tibi
796 2579 912 2657 partus
932 2575 1059 2636 honos:
1080 2574 1233 2637 Tarbella
1251 2575 1381 2656 Pyrene

430 2692 537 2754 Testis
558 2695 590 2754 et
609 2689 733 2754 Oceani
752 2691 852 2754 litora
872 2688 1054 2758 Santonici.

385 2808 492 2872 Testis
511 2807 593 2869 Arar
612 2806 861 2888 Rhodanusque
881 2805 968 2868 celer
986 2826 1194 2887 magnusque
1215 2804 1386 2882 Garunna,

431 2922 586 2986 Carnutis
607 2925 640 2985 et
658 2920 736 2986 flavi
756 2921 877 2985 caerula
895 2921 1034 3002 lympha
1053 2921 1159 3002 Liger.
1179 2989 1182 2997 s

385 3041 497 3114 Ante,
519 3037 642 3119 Cydne,
663 3057 792 3111 canam,
812 3037 927 3100 tractis
947 3037 1004 3118 qui
1023 3037 1145 3100 leniter
1163 3036 1264 3100 undis

430 3153 598 3218 Caeruleus
617 3151 757 3234 placidis
775 3172 835 3233 per
853 3151 939 3216 vada
959 3153 1065 3233 serpis
1085 3151 1189 3232 aquis,

386 3271 538 3350 Quantus
559 3273 591 3333 ot
611 3270 747 3332 aetherio
767 3269 965 3348 contingens
984 3267 1107 3331 vertice
1126 3265 1232 3329 nubes

429 3385 584 3466 Frigidus
603 3386 758 3448 intonsos
778 3384 905 3446 Taurus
925 3384 993 3446 alat
1013 3382 1159 3446 Cilicas?

387 3501 472 3582 Quid
491 3503 642 3575 referam,
663 3506 701 3563 ut
719 3501 835 3564 volitet
855 3501 1000 3564 celebres
1020 3502 1147 3563 intacta
1165 3521 1224 3582 per
1242 3501 1343 3564 urbes

430 3615 514 3679 Alba
532 3614 711 3678 Palaestino
733 3620 849 3678 sancta
868 3615 1023 3678 columba
1043 3613 1134 3696 Syro,

386 3732 495 3812 thue
514 3730 617 3794 maris
636 3735 767 3794 vestrim
787 3733 978 3812 prospectet
996 3727 1143 3791 turribus
1162 3747 1274 3810 aequor

430 3845 541 3908 Prima
561 3847 666 3906 ratem
686 3845 795 3907 ventis
814 3842 947 3907 eredere
967 3843 1064 3906 docta
1082 3842 1196 3923 Tyros,

387 3961 503 4041 Qualis
524 3965 564 4034 et,
586 3963 718 4024 arentes
738 3980 814 4024 cum
832 3959 930 4023 findit
949 3959 1055 4024 Sirius
1076 3980 1181 4042 agros,

429 4078 564 4142 Fertilis
584 4080 699 4141 aestiva
718 4078 814 4141 Nilus
835 4077 982 4142 abundet
1001 4081 1111 4159 aqua?

354 4258 356 4264 ,
385 4193 459 4257 Nile
479 4197 583 4275 pater,
605 4213 751 4275 quanam
770 4193 897 4275 possim
916 4197 948 4256 te
969 4192 1076 4257 dicere
1097 4212 1197 4256 causa
1253 4215 1257 4224 ’
