3268 4896
641 425 684 468 er>
700 426 723 469 1.
741 424 766 484 e,
787 423 874 471 1-6.
1275 407 1325 460 169

193 599 275 664 Hor.
296 600 356 684 Ep.
386 601 428 665 Π.
454 603 480 678 1,
507 603 591 665 me:
617 601 680 666 «Ut
698 600 813 666 vineta
842 607 975 684 egomet
1001 601 1123 669 ceedem
1153 625 1259 669 mee».
1281 645 1326 652 —

195 713 331 800 acerba,
350 715 503 792 crudelis,
525 722 562 780 ut
589 717 680 781 infre
697 718 722 781 Ι.
745 719 775 793 6,
796 720 949 783 83-84:
974 718 1104 783 «Venus
1125 770 1132 784 .
1153 771 1160 784 .
1182 771 1190 785 .
1211 721 1324 787 infidis

195 851 296 913 quem
316 833 359 895 sit
378 833 504 908 acerbe,
526 837 674 897 monet».

741 1109 777 1173 V.

623 1317 691 1379 Lib.
711 1317 737 1379 1.
759 1318 843 1394 eleg.
864 1320 894 1380 6.

239 1520 518 1587 Introductio.
539 1525 641 1588 Poeta
671 1527 765 1590 eluso
790 1524 930 1606 coniuge
956 1524 1084 1587 editum
1116 1524 1179 1588 sibi
1200 1525 1240 1588 ed
1259 1525 1321 1589 De·

194 1637 275 1700 liem
295 1638 433 1715 invenit,
456 1641 513 1704 sed
531 1661 621 1705 nune
649 1641 824 1724 praeceptis
852 1641 997 1724 propriis
1026 1645 1182 1721 urgetur:
1212 1641 1325 1722 puelle

195 1753 294 1828 enim,
317 1775 417 1836 quom
436 1756 508 1837 ipse
528 1757 645 1821 fellere
665 1757 787 1833 docuit,
807 1759 922 1840 plures
947 1758 1015 1820 iem
1036 1761 1203 1820 cmctores
1223 1757 1324 1820 hebet

193 1871 335 1950 (1—14).
358 1870 522 1935 Hortatur
540 1872 643 1953 igitur
662 1873 848 1954 coniugem.
871 1877 909 1936 ut
928 1876 1038 1937 servet
1058 1872 1237 1953 diligenter
1250 1894 1324 1936 cem

193 1988 359 2068 (15—2t).
380 1987 484 2051 Furto
515 2008 576 2051 suc
607 1988 784 2053 confitetur
816 1989 999 2070 suadetque
1030 1987 1112 2062 viro,
1145 2008 1222 2050 eum
1252 1989 1324 2071 ipse

193 2101 343 2183 puellum
363 2102 444 2166 setis
464 2103 632 2167 custodire
651 2124 722 2168 non
737 2105 854 2186 possit,
869 2109 907 2167 ut
926 2125 961 2167 se
982 2105 1133 2166 assumet
1151 2103 1324 2168 custodem

195 2218 360 2296 (23-42).
382 2217 495 2282 Terret
523 2219 643 2282 deinde
663 2219 797 2283 Deliem
826 2219 1096 2301 superstitiosum
1118 2219 1251 2281 oreculo
1273 2239 1324 2282 se-

195 2319 338 2396 cerdotis
357 2333 516 2409 Bellonae,
531 2354 603 2417 quae
623 2355 741 2416 poenes
756 2335 786 2398 ei
800 2338 833 2398 et
846 2333 1053 2399 amatoribus
1074 2335 1146 2397 eius
1165 2334 1325 2397 indixerit

194 2449 359 2528 (43-56).
385 2449 522 2512 Pereere
551 2452 665 2513 tamen
685 2451 757 2513 vult
786 2454 904 2513 emctae
936 2470 1006 2513 non
1036 2454 1173 2532 propter
1203 2450 1322 2531 ipsam.

196 2563 253 2627 sed
272 2569 408 2645 propter
430 2569 573 2628 matrem
598 2565 680 2640 eius,
712 2585 785 2647 quae
814 2570 922 2647 poetae
951 2566 1040 2628 fevet
1068 2565 1222 2645 furtaque
1253 2563 1325 2626 eius

196 2680 332 2744 adiuvet
351 2682 517 2760 (57—66).
538 2679 702 2743 Hortatur
730 2681 890 2761 puellam,
910 2684 957 2754 ut,
989 2680 1141 2762 quemvis
1169 2683 1326 2742 metrone

195 2816 265 2860 non
286 2797 337 2871 sit,
360 2800 468 2860 servet
497 2795 695 2870 castitatem,
726 2795 854 2884 sibique
874 2797 949 2877 ipsi,
970 2796 998 2859 si
1019 2795 1246 2876 suspicionem
1275 2797 1323 2856 in·

194 2911 365 2976 fidelitatis
392 2911 542 2988 subierit,
572 2911 672 2974 duras
700 2911 792 2993 leges
820 2912 965 2992 imponit
993 2910 1157 2989 (67—74).
1188 2909 1229 2971 In
1259 2910 1325 2972 fine

196 3027 342 3092 ostendit
361 3025 477 3100 Deliae,
499 3027 526 3088 si
546 3026 769 3089 nihilominus
789 3047 925 3108 peceare
953 3029 1078 3107 perget,
1099 3025 1325 3087 miserrimam

196 3143 227 3206 ei
245 3143 282 3205 in
302 3144 474 3205 senectute
493 3142 665 3204 fortunam
684 3142 829 3205 instnre:
849 3141 1005 3204 relictum
1024 3141 1065 3202 iri
1078 3161 1152 3203 eam
1174 3139 1213 3203 cb
1235 3160 1324 3202 eme·

194 3257 322 3324 toribus
342 3258 534 3338 victumque
565 3257 712 3332 lanificio
744 3257 979 3338 quaesiturem3
1012 3256 1072 3318 teli
1104 3256 1194 3318 enim
1226 3275 1326 3337 poene

195 3372 360 3437 Venerem
388 3372 509 3436 infidos
539 3371 669 3434 efficere
694 3374 802 3434 solere
823 3373 989 3450 (75-84).
1013 3369 1054 3434 Se
1075 3374 1231 3452 peretum
1252 3389 1325 3432 esse

196 3507 270 3551 cem
290 3489 392 3551 etiem
411 3509 496 3551 ceno
519 3489 627 3568 capite
648 3507 760 3551 emere
781 3489 946 3566 (85—86).

239 3603 275 3666 V.
301 3605 394 3667 1—6.
417 3602 576 3686 inducor,
595 3602 752 3684 decipiar,
773 3602 914 3676 illicier3
935 3602 974 3663 ci
996 3600 1117 3664 Donet.
1141 3600 1181 3662 ed
1194 3599 1323 3662 Terent.

195 3719 296 3783 Andr.
317 3721 342 3783 I.
365 3722 394 3795 2,
417 3723 456 3784 9:
482 3718 622 3793 «induci,
644 3722 682 3780 ut
712 3720 788 3780 ferae
808 3717 844 3780 in
875 3717 991 3788 retia»,
1013 3717 1067 3778 oui
1087 3713 1326 3795 significationi

196 3839 271 3916 epte
291 3835 472 3916 respondet
490 3835 578 3897 infre
594 3855 641 3898 ve.
664 3838 703 3897 5:
729 3835 830 3895 «Num
861 3833 943 3894 mihi
973 3831 1158 3893 tenduntur
1181 3849 1324 3905 ocsses»;

195 3952 274 4016 Hor.
298 3949 364 4014 Set.
386 3950 409 4013 l.
434 3953 463 4020 l,
485 3952 546 4013 88:
572 3955 777 4031 «emptorem
806 3948 944 4010 inducet
974 3947 1160 4020 hiantem·›;
1191 3946 1255 4008 Cic.
1289 3946 1326 4008 in

194 4066 304 4130 Pison.
326 4086 352 4128 c.
377 4069 413 4128 1:
438 4065 519 4128 «Hic
541 4085 606 4139 eos,
629 4066 749 4146 quibus
770 4069 840 4126 eret
860 4064 1005 4152 ignotus,
1033 4061 1172 4142 decepit,
1195 4059 1323 4135 fefellit,

194 4181 356 4245 induxit».
373 4219 414 4224 —
435 4181 553 4260 tristis
573 4201 717 4255 severus,
739 4179 893 4252 immitis„
910 4183 947 4239 ut
966 4177 1054 4239 infre
1067 4176 1108 4239 Π.
1126 4179 1153 4252 3,
1174 4179 1325 4240 stt-34:
