3306 4896
749 435 771 478 1.
792 435 817 478 a.

308 608 363 672 Me
384 629 516 692 quoque
536 615 675 684 servato,
696 613 811 692 peccet
830 615 868 673 ut
886 611 946 674 illa
964 611 1060 675 nihil.

264 724 336 787 Neu
354 726 494 790 iuvenes
513 726 659 790 celebret
678 727 784 790 multo
805 747 968 800 sermone,
990 732 1114 802 caveto,

309 841 398 904 Neve
418 842 517 906 cubet
536 842 611 906 laxo
630 845 747 924 pectus
767 847 883 925 aperta
903 844 989 920 sina,

265 956 338 1019 Neu
356 962 390 1021 te
409 957 554 1039 decipiat
572 961 668 1035 nutu,
689 951 860 1040 digitoque
879 959 1044 1042 liquorem

309 1072 357 1134 Ne
377 1073 490 1137 trahat
510 1078 543 1137 et
561 1093 686 1136 mensae
706 1073 806 1136 ducat
826 1073 862 1135 in
881 1073 960 1136 orbe
979 1078 1087 1137 notas.

264 1186 377 1250 Exibit
395 1208 497 1270 quam
517 1208 614 1270 saepe.
635 1189 726 1265 time,
749 1208 809 1251 seu
827 1189 934 1251 visere
955 1188 1042 1251 dicet

311 1300 411 1366 Sacra
428 1301 531 1365 Bonae
551 1303 700 1367 maribus
719 1322 789 1367 non
810 1303 963 1366 adeunda
982 1303 1069 1368 Dese.

264 1417 308 1479 At
326 1417 412 1480 mihi
432 1418 461 1480 si
480 1417 604 1490 credas,
626 1417 721 1481 illam
741 1439 861 1500 sequar
879 1439 968 1481 unus
988 1419 1029 1482 ad
1050 1440 1142 1483 aras:

311 1530 402 1595 Tunc
421 1532 506 1595 mihi
526 1553 595 1595 non
615 1532 721 1596 oculis
741 1534 786 1597 sit
804 1533 957 1597 timuisse
976 1535 1071 1598 meis.

266 1643 370 1729 Saepe,
391 1649 483 1712 velut
502 1668 652 1730 gemmas
673 1650 745 1712 eius
765 1649 963 1731 signumque
983 1649 1169 1731 probarem,

310 1762 373 1825 Per
391 1783 527 1827 causam
546 1765 686 1828 memini
706 1785 759 1827 me
779 1764 929 1846 tetigisse
949 1784 1107 1827 manum:

268 1875 362 1958 sepe
381 1898 474 1941 mero
495 1899 651 1942 somnum
669 1879 786 1960 peperi
806 1879 877 1952 tibi,
899 1882 933 1941 at
953 1880 1023 1960 ipse
1043 1877 1196 1941 bibebam

314 1991 431 2057 Sobria
451 1995 625 2076 supposita
644 1993 764 2076 poeula
783 1995 889 2058 victor
909 2014 1004 2075 aqua.

267 2108 342 2171 Non
362 2128 423 2192 ego
443 2113 475 2172 te
495 2109 567 2171 laesi
585 2109 752 2192 prudens:
773 2109 908 2190 ignosce
929 2109 1056 2172 latenti.

313 2223 415 2287 Iussit
434 2224 554 2288 Amor:
576 2227 693 2286 contra
712 2224 786 2305 quis
805 2225 891 2286 ferat
909 2243 1002 2287 arma
1021 2223 1127 2307 deos?

269 2337 330 2400 llle
350 2358 411 2420 ego
432 2359 517 2416 sum,
537 2359 599 2403 nec
619 2359 672 2401 me
692 2339 760 2402 iam
780 2337 888 2401 dicere
908 2357 986 2401 vera
1004 2337 1152 2419 pudebit,

313 2452 466 2517 Instabat
485 2457 555 2517 tota
575 2455 625 2516 cui
648 2460 707 2517 tua
725 2460 823 2517 nocte
844 2456 947 2518 oanis.

271 2567 356 2646 Quid
377 2572 493 2633 tenera
512 2570 574 2632 tibi
593 2570 734 2651 coniuge
756 2575 865 2652 opus?
884 2571 953 2632 Tua
974 2571 1001 2634 si
1021 2571 1110 2633 bona
1129 2572 1238 2634 nescis

316 2683 463 2760 Servare,
484 2687 609 2749 frustra
628 2686 731 2749 clavis
750 2687 841 2748 inest
859 2686 996 2749 foribus.

270 2798 314 2860 Te
333 2803 434 2876 tenet,
457 2801 612 2864 absentes
633 2801 718 2863 alios
739 2803 885 2883 suspirat
904 2821 1034 2864 amores

314 2915 357 2978 Et
376 2917 513 2980 simulat
535 2917 644 2980 subito
664 2917 877 2980 condoluisse
898 2923 1005 3000 eaput.

270 3028 313 3090 At
331 3031 417 3093 mihi
437 3032 635 3094 servandam
655 3031 787 3095 credas:
808 3052 877 3095 non
897 3052 984 3096 saeva
1003 3054 1118 3096 recuso

316 3144 468 3220 Verbera,
490 3147 637 3209 detrecto
658 3167 727 3210 non
747 3168 807 3228 ego
828 3147 938 3210 vincla
957 3148 1089 3229 pedum.

270 3259 354 3323 Tum
373 3262 490 3342 procul
510 3261 637 3339 absitis,
658 3263 809 3344 quisquis
829 3264 909 3327 colit
928 3268 998 3327 arte
1019 3265 1166 3345 capillos,

315 3376 358 3438 Et
376 3375 452 3440 fluit
471 3376 575 3440 effuso
596 3378 649 3440 cui
669 3381 748 3459 toga
766 3378 841 3440 laxa
862 3379 955 3441 sinu:

272 3494 429 3575 Quisquis
450 3498 482 3557 et
502 3496 661 3570 occurret,
681 3514 724 3556 ne
743 3495 851 3576 possit
870 3496 996 3558 crimen
1016 3496 1149 3572 habere,

316 3608 388 3673 Stet
407 3610 524 3692 procul
544 3610 687 3673 aetalia
707 3631 741 3674 se
763 3612 894 3674 occulat
913 3616 990 3675 ante
1010 3615 1072 3677 via.

272 3727 326 3791 Sic
344 3727 417 3791 fieri
436 3730 529 3793 iubet
547 3730 620 3811 ipse
641 3729 731 3805 deus,
755 3730 801 3792 sio
820 3749 944 3809 magna
964 3730 1116 3793 sacerdos

315 3844 375 3907 Est
394 3843 479 3907 mihi
499 3843 612 3907 divino
631 3845 814 3908 vaticinata
833 3864 924 3908 sone.

271 3959 351 4022 Haec
371 3959 428 4022 ubi
446 3958 595 4022 Bellonae
614 3962 709 4022 motu
730 3964 779 4022 est
800 3961 934 4040 agitata,
954 3980 1015 4022 nec
1036 3980 1145 4022 acrem

316 4073 514 4148 Flammam,
536 4094 605 4137 non
625 4094 741 4138 amens
760 4075 897 4138 verbera
916 4078 1005 4138 torta
1024 4075 1138 4137 timet:

271 4187 350 4269 Ipsa
369 4188 514 4270 bipenne
536 4209 613 4252 suos
633 4189 729 4252 caedit
746 4191 895 4253 violenta
914 4191 1056 4252 lacertos

281 4329 413 4381 Nemaea:
426 4330 489 4373 Albti
505 4330 594 4372 Tibulli
607 4331 730 4373 earmina,
