3268 4896
319 465 370 520 134
745 489 788 533 11
803 487 871 552 11,
887 488 1013 535 ue—ec.

318 666 425 732 Oarm.
445 663 487 727 IL
510 664 538 739 6,
552 665 591 728 7:
607 661 677 727 «Sit
694 663 814 728 modus
833 666 986 731 lasso...
1010 667 1141 729 viarum
1159 666 1389 749 Militiaeque».
1400 677 1445 710 -·

318 780 385 848 see
414 778 519 846 Cuuis
549 780 685 845 oestiuos
716 781 813 845 ortus
843 781 953 847 uitare
983 782 1048 847 sub
1078 782 1206 848 urubru
1225 783 1370 848 Arboris
1400 780 1446 849 cd

316 899 407 964 riuos
433 895 672 982 praetereuntis
705 914 815 981 uquae,
835 901 971 978 poetam
992 897 1145 963 Graecum
1174 900 1343 980 exemplar
1366 902 1445 962 ante

319 1015 433 1079 oculos
453 1012 610 1076 habuisse
637 1015 805 1076 testantur
834 1013 1076 1094 epigrammata
1103 1014 1309 1077 incertorum
1333 1017 1444 1076 aucto·

317 1151 393 1195 rum
420 1129 520 1192 Anth.
550 1127 619 1192 Pal.
648 1126 687 1192 X.
720 1128 769 1203 11,
792 1127 832 1192 7:
861 1125 929 1190 ἅδ’
964 1123 1020 1192 ὑπὸ
1054 1133 1151 1212 πέτρᾳ
1186 1127 1286 1200 [libai
1323 1125 1446 1214 εὐνήσει

317 1245 466 1329 γυιοβαρῆ
485 1247 634 1329 κάματον.
654 1239 779 1307 Ἕνδιον
800 1242 834 1306 δὲ
863 1247 1006 1330 φυγόντες
1036 1240 1186 1327 ὀπωρινοῦ
1209 1249 1301 1317 κυνὸς
1334 1241 1445 1330 ἆσθμα

319 1365 352 1425 et
369 1359 471 1423 Anth.
492 1358 583 1422 Plan.
606 1359 679 1433 777,
701 1360 731 1434 5,
754 1360 794 1423 7:
814 1355 870 1421 Xe
897 1361 1009 1444 ποιμὴν
1040 1356 1070 1422 ἐν
1100 1357 1208 1444 ὄρεσσι
1237 1361 1444 1444 μεσαμβρινὸν

184 1505 189 1514 ·
225 1469 227 1474 ⁴
319 1473 435 1561 ἀγχόθι
457 1484 558 1554 care<
578 1471 744 1558 Συρίσδων,
762 1473 888 1562 λασίας
918 1475 1029 1558 θάμνῳ
1049 1468 1105 1537 ὑπὸ
1125 1474 1280 1560 staturae
1300 1471 1445 1559 Kubpuc'

319 1590 480 1675 ὀπωρινοῐο
508 1593 609 1676 φυγών
632 1593 735 1661 κυνός.
755 1625 800 1634 -
819 1585 887 1654 Sed
917 1586 1022 1654 Cuuis
1050 1590 1186 1655 aestiuos
1216 1591 1311 1656 oriris
1340 1590 1448 1656 uitare

319 1707 383 1773 sub
412 1703 538 1770 umbra
569 1701 724 1784 Arboris,
754 1706 794 1767 of.
824 1703 905 1768 Hor.
937 1703 1090 1770 CarmL
1117 1707 1165 1782 17,
1191 1708 1264 1770 17-
1281 1709 1340 1772 18:
1365 1706 1446 1768 «Hic

319 1823 356 1885 in
384 1821 520 1884 reducta
545 1820 634 1885 valle
662 1819 830 1884 Caniculae
857 1819 980 1884 vitabis
1008 1824 1127 1884 aestus»
1161 1825 1194 1884 et
1214 1821 1271 1886 Ov.
1292 1823 1365 1886 Am.
1378 1822 1444 1887 HI.

320 1941 350 2013 5,
382 1939 420 2002 7:
445 1936 538 2019 «Ipse
574 1936 635 1999 sub
670 1935 818 1999 arboreis
845 1935 993 1999 vitabam
1028 1935 1202 2000 frondibus
1231 1942 1381 2002 aestum».
1403 1975 1446 1982 —

321 2051 427 2119 Curris
448 2051 583 2118 aestiuos
613 2051 719 2126 orius,
740 2052 780 2114 cf.
802 2051 877 2114 adn.
899 2070 1001 2132 supra
1020 2051 1062 2114 ad
1080 2052 1104 2116 L
1125 2054 1156 2128 4,
1179 2054 1218 2118 6:
1243 2054 1368 2117 «aestivi
1386 2053 1447 2118 Ca-

320 2171 407 2234 nis».
426 2204 470 2212 -
490 2165 554 2231 sub
573 2162 700 2229 urubru
718 2161 864 2229 Arboris
885 2163 932 2229 uei
949 2165 1043 2231 riuos
1063 2168 1307 2250 procuratoriis
1338 2179 1447 2256 equus,

321 2286 361 2349 cf.
381 2283 477 2346 Lucr.
498 2280 541 2345 H.
563 2281 616 2345 19.
637 2299 727 2362 sqq.:
752 2281 937 2362 «prostrati.
957 2281 994 2343 in
1021 2282 1172 2362 gramine
1195 2283 1292 2346 molli
1311 2283 1451 2365 Propter

322 2421 414 2484 aquae
433 2400 542 2463 rivum
563 2398 624 2461 sub
644 2397 747 2460 ramis
768 2395 896 2460 arboris
916 2398 1023 2462 altae»,
1037 2435 1081 2442 -
1099 2399 1319 2481 pretereuntis
1339 2417 1447 2484 aquae,

321 2521 360 2580 ut
377 2515 458 2579 Hor.
480 2513 587 2578 Carm.
608 2511 650 2575 II.
675 2513 726 2587 11,
749 2513 897 2578 17-20:
922 2512 1015 2594 «quis
1034 2533 1118 2594 puer
1139 2513 1232 2577 ocius
1252 2513 1452 2596 Restinguet

323 2630 470 2695 ardentis
487 2627 624 2691 Falerni
642 2626 766 2691 Pocula
784 2631 1006 2709 praetereunte
1025 2629 1205 2712 lymphab»

366 2745 404 2811 V.
426 2745 567 2809 att—ea.
589 2739 766 2818 bidentem,
788 2745 827 2806 cf.
849 2742 926 2807 adn.
946 2764 1047 2825 supra
1065 2744 1108 2807 ad
1126 2744 1151 2807 I.
1170 2747 1218 2821 10,
1233 2747 1297 2811 49:
1315 2745 1452 2810 «bidens

321 2880 533 2942 vomerque».
550 2895 595 2903 -
614 2855 684 2922 Aut
704 2857 843 2923 stimulo
864 2857 982 2924 turdos
1002 2859 1211 2944 increpuisse
1232 2859 1342 2940 boues,
1363 2862 1451 2944 cogi·

322 2978 462 3042 tandum
497 2975 537 3038 de
568 2974 730 3038 aratione.
759 3009 803 3016 —
831 2973 1057 3040 stimulo...
1086 2974 1309 3059 increpuisse,
1350 2977 1453 3040 boves

324 3091 469 3156 stimulis
499 3088 657 3152 fodiendo
689 3089 828 3164 hortari,
864 3093 902 3152 ut
931 3088 990 3154 Ov.
1021 3089 1102 3154 Met.
1134 3090 1218 3154 XJV.
1253 3093 1452 3156 sao—sm:

328 3206 538 3290 «Impavidus
573 3205 767 3268 conscendit
802 3225 906 3287 equos
937 3204 1102 3270 Gradivus
1134 3209 1166 3269 et
1196 3207 1266 3270 ictu
1296 3206 1453 3271 Verberis

323 3321 506 3403 increpuit»
530 3323 563 3382 et
583 3317 664 3384 Stat.
694 3317 796 3383 Theb.
815 3320 873 3384 ΠΙ.
895 3322 981 3385 431:
1006 3320 1129 3402 «Terga
1157 3341 1354 3405 comamque
1382 3323 1453 3386 deae

325 3435 488 3518 Scythica
511 3438 607 3517 pater
640 3435 791 3517 increpat
824 3436 954 3500 hasta».
986 3471 1029 3481 -
1060 3432 1140 3500 Nou
1171 3455 1340 3522 operumve
1373 3437 1455 3502 siuu

323 3552 438 3637 pipeut
467 3554 547 3629 etc.;
576 3550 688 3614 locum
716 3550 869 3613 imitatur
888 3549 1043 3632 Calpurn.
1065 3550 1133 3614 Eoi.
1151 3554 1186 3628 ·5,
1214 3554 1366 3619 39-4e:
1390 3553 1452 3615 «Te

324 3686 456 3748 quoque
474 3685 543 3728 non
572 3665 705 3746 pudeat,
727 3669 802 3728 cum
831 3687 925 3729 serus
945 3665 1046 3729 ovilia
1064 3666 1162 3744 vises,
1184 3665 1304 3749 Siqua
1331 3667 1456 3732 iacebit

325 3783 396 3846 ovis
414 3785 513 3863 partu
532 3782 680 3844 resoluta
699 3782 833 3858 recenti,
854 3780 952 3844 Hanc
971 3782 1098 3846 umeris
1110 3787 1244 3864 portare
1257 3783 1325 3847 tuis
1338 3786 1453 3846 natos·

325 3917 387 3978 que
399 3895 529 3977 patenti
540 3895 642 3958 Ferre
655 3895 732 3958 sinu
743 3897 907 3959 tremulos
920 3900 953 3958 et
963 3895 1117 3960 nondum
1130 3901 1217 3960 stare
1229 3903 1398 3981 paratos».
1409 3933 1455 3946 -

324 4009 496 4075 desertura
516 4009 623 4074 oblitu
642 4012 762 4084 matre,
785 4014 930 4073 amatre
951 4011 1024 4074 eius
1044 4011 1157 4076 oblita
1298 4063 1300 4067 ,

331 4147 334 4153 ·
368 4123 406 4188 V.
428 4125 568 4188 33-36.
602 4125 724 4209 cuipuo
751 4125 877 4208 pecori,
909 4125 1011 4206 gregi.
1041 4162 1085 4170 —
1113 4125 1272 4210 furesque
1305 4125 1455 4212 lupique,

325 4258 394 4302 unu
413 4242 718 4302 commemorantur
746 4239 848 4303 etiam
871 4241 991 4321 Paneg.
1013 4240 1113 4306 Mess.
1139 4242 1334 4306 rec—187:
1359 4241 1455 4306 «Cui-
