<?xml version="1.0" encoding="UTF-8"?>
<!DOCTYPE html PUBLIC "-//W3C//DTD XHTML 1.0 Transitional//EN"
    "http://www.w3.org/TR/xhtml1/DTD/xhtml1-transitional.dtd">
<html xmlns="http://www.w3.org/1999/xhtml" xml:lang="en" lang="en">
 <head>
  <title>
</title>
<meta http-equiv="Content-Type" content="text/html;charset=utf-8" />
  <meta name='ocr-system' content='tesseract 3.04.00' />
  <meta name='ocr-capabilities' content='ocr_page ocr_carea ocr_par ocr_line ocrx_word'/>
</head>
<body>
  <div class='ocr_page' id='page_1' title='image "albiitibullicar01tibugoog_0020.png"; bbox 0 0 3306 4896; ppageno 0'>
   <div class='ocr_carea' id='block_1_1' title="bbox 745 454 812 501">
    <p class='ocr_par' dir='ltr' id='par_1_1' title="bbox 745 454 812 501">
     <span class='ocr_line' id='line_1_1' title="bbox 745 454 812 501; baseline 0.015 -1"><span class='ocrx_word' id='word_1_1' title='bbox 745 457 767 500; x_wconf 92' lang='lat'><strong>1.</strong></span> <span class='ocrx_word' id='word_1_2' title='bbox 785 454 812 501; x_wconf 82' lang='lat'><strong>9.</strong></span> 
     </span>
    </p>
   </div>
   <div class='ocr_carea' id='block_1_2' title="bbox 259 632 1195 4183">
    <p class='ocr_par' dir='ltr' id='par_1_2' title="bbox 259 632 1195 4183">
     <span class='ocr_line' id='line_1_2' title="bbox 305 632 1048 725; baseline -0.003 -28"><span class='ocrx_word' id='word_1_3' title='bbox 305 634 521 725; x_wconf 60' lang='lat' dir='ltr'><strong>Detrahebjeb</strong></span> <span class='ocrx_word' id='word_1_4' title='bbox 539 633 648 696; x_wconf 71' lang='lat' dir='ltr'><strong>ventis</strong></span> <span class='ocrx_word' id='word_1_5' title='bbox 669 632 807 696; x_wconf 87' lang='lat' dir='ltr'><strong>horrida</strong></span> <span class='ocrx_word' id='word_1_6' title='bbox 826 634 913 696; x_wconf 78' lang='lat' dir='ltr'><strong>saeba</strong></span> <span class='ocrx_word' id='word_1_7' title='bbox 933 651 1029 696; x_wconf 85' lang='lat' dir='ltr'><strong>coma</strong></span> <span class='ocrx_word' id='word_1_8' title='bbox 1040 653 1048 707; x_wconf 90' lang='lat'>;</span> 
     </span>
     <span class='ocr_line' id='line_1_3' title="bbox 261 749 912 831; baseline -0.005 -16"><span class='ocrx_word' id='word_1_9' title='bbox 261 751 384 816; x_wconf 81' lang='lat' dir='ltr'><strong>Urebur</strong></span> <span class='ocrx_word' id='word_1_10' title='bbox 404 749 516 825; x_wconf 84' lang='lat' dir='ltr'><strong>facies,</strong></span> <span class='ocrx_word' id='word_1_11' title='bbox 535 753 678 812; x_wconf 78' lang='lat' dir='ltr'><strong>ursnbur</strong></span> <span class='ocrx_word' id='word_1_12' title='bbox 698 749 768 812; x_wconf 87' lang='lat' dir='ltr'><strong>sols</strong></span> <span class='ocrx_word' id='word_1_13' title='bbox 788 749 912 831; x_wconf 86' lang='lat' dir='ltr'><strong>capilli,</strong></span> 
     </span>
     <span class='ocr_line' id='line_1_4' title="bbox 305 864 1008 946; baseline 0.001 -18"><span class='ocrx_word' id='word_1_14' title='bbox 305 865 441 930; x_wconf 69' lang='lat' dir='ltr'><strong>Deteret</strong></span> <span class='ocrx_word' id='word_1_15' title='bbox 460 865 628 930; x_wconf 85' lang='lat' dir='ltr'><strong>invalidos</strong></span> <span class='ocrx_word' id='word_1_16' title='bbox 648 870 681 928; x_wconf 77' lang='lat' dir='ltr'><strong>et</strong></span> <span class='ocrx_word' id='word_1_17' title='bbox 699 867 754 929; x_wconf 83' lang='lat' dir='ltr'><strong>via</strong></span> <span class='ocrx_word' id='word_1_18' title='bbox 773 865 876 946; x_wconf 85' lang='lat' dir='ltr'><strong>longa</strong></span> <span class='ocrx_word' id='word_1_19' title='bbox 894 864 1008 946; x_wconf 88' lang='lat' dir='ltr'><strong>pedes.</strong></span> 
     </span>
     <span class='ocr_line' id='line_1_5' title="bbox 260 980 1137 1064; baseline 0 -20"><span class='ocrx_word' id='word_1_20' title='bbox 260 981 428 1046; x_wconf 87' lang='lat' dir='ltr'>Admonui</span> <span class='ocrx_word' id='word_1_21' title='bbox 450 981 624 1064; x_wconf 77' lang='lat' dir='ltr'><strong>quotiens:</strong></span> <span class='ocrx_word' id='word_1_22' title='bbox 649 980 756 1044; x_wconf 79' lang='lat' dir='ltr'><strong>«Auro</strong></span> <span class='ocrx_word' id='word_1_23' title='bbox 776 1000 819 1043; x_wconf 90' lang='lat' dir='ltr'><strong>ne</strong></span> <span class='ocrx_word' id='word_1_24' title='bbox 838 980 953 1061; x_wconf 85' lang='lat' dir='ltr'><strong>pollue</strong></span> <span class='ocrx_word' id='word_1_25' title='bbox 973 981 1137 1044; x_wconf 87' lang='lat' dir='ltr'><strong>formam:</strong></span> 
     </span>
     <span class='ocr_line' id='line_1_6' title="bbox 306 1095 1032 1178; baseline 0 -18"><span class='ocrx_word' id='word_1_26' title='bbox 306 1096 399 1178; x_wconf 82' lang='lat' dir='ltr'><strong>Saepe</strong></span> <span class='ocrx_word' id='word_1_27' title='bbox 420 1096 531 1161; x_wconf 80' lang='lat' dir='ltr'>solent</span> <span class='ocrx_word' id='word_1_28' title='bbox 551 1116 631 1159; x_wconf 87' lang='lat' dir='ltr'><strong>auro</strong></span> <span class='ocrx_word' id='word_1_29' title='bbox 651 1095 759 1159; x_wconf 76' lang='lat' dir='ltr'><strong>mulia</strong></span> <span class='ocrx_word' id='word_1_30' title='bbox 779 1095 915 1159; x_wconf 82' lang='lat' dir='ltr'><strong>subesse</strong></span> <span class='ocrx_word' id='word_1_31' title='bbox 934 1095 1032 1160; x_wconf 79' lang='lat' dir='ltr'><strong>mala</strong></span> 
     </span>
     <span class='ocr_line' id='line_1_7' title="bbox 260 1211 1010 1295; baseline -0.001 -20"><span class='ocrx_word' id='word_1_32' title='bbox 260 1211 395 1277; x_wconf 81' lang='lat' dir='ltr'><strong>Divitiis</strong></span> <span class='ocrx_word' id='word_1_33' title='bbox 414 1216 531 1295; x_wconf 80' lang='lat' dir='ltr'><strong>captus</strong></span> <span class='ocrx_word' id='word_1_34' title='bbox 552 1211 580 1275; x_wconf 91' lang='lat' dir='ltr'><strong>si</strong></span> <span class='ocrx_word' id='word_1_35' title='bbox 601 1211 674 1293; x_wconf 92' lang='lat' dir='ltr'><strong>quis</strong></span> <span class='ocrx_word' id='word_1_36' title='bbox 694 1211 833 1276; x_wconf 74' lang='lat' dir='ltr'><strong>violavit</strong></span> <span class='ocrx_word' id='word_1_37' title='bbox 852 1230 1010 1286; x_wconf 84' lang='lat' dir='ltr'><strong>amorem,</strong></span> 
     </span>
     <span class='ocr_line' id='line_1_8' title="bbox 305 1325 1013 1412; baseline -0.001 -21"><span class='ocrx_word' id='word_1_38' title='bbox 305 1329 496 1412; x_wconf 83' lang='lat' dir='ltr'><strong>Asperaque</strong></span> <span class='ocrx_word' id='word_1_39' title='bbox 517 1333 567 1392; x_wconf 76' lang='lat' dir='ltr'><strong>est</strong></span> <span class='ocrx_word' id='word_1_40' title='bbox 585 1327 637 1390; x_wconf 91' lang='lat' dir='ltr'><strong>illi</strong></span> <span class='ocrx_word' id='word_1_41' title='bbox 657 1325 868 1409; x_wconf 82' lang='lat' dir='ltr'><strong>difficilisque</strong></span> <span class='ocrx_word' id='word_1_42' title='bbox 889 1327 1013 1391; x_wconf 88' lang='lat' dir='ltr'><strong>Venus.</strong></span> 
     </span>
     <span class='ocr_line' id='line_1_9' title="bbox 261 1443 1124 1527; baseline -0.003 -18"><span class='ocrx_word' id='word_1_43' title='bbox 261 1446 327 1510; x_wconf 85' lang='lat' dir='ltr'><strong>Urs</strong></span> <span class='ocrx_word' id='word_1_44' title='bbox 347 1465 461 1508; x_wconf 90' lang='lat' dir='ltr'><strong>meum</strong></span> <span class='ocrx_word' id='word_1_45' title='bbox 479 1445 594 1527; x_wconf 76' lang='lat' dir='ltr'><strong>potius</strong></span> <span class='ocrx_word' id='word_1_46' title='bbox 613 1443 751 1507; x_wconf 89' lang='lat' dir='ltr'><strong>flamma</strong></span> <span class='ocrx_word' id='word_1_47' title='bbox 770 1447 870 1525; x_wconf 78' lang='lat' dir='ltr'><strong>eaput</strong></span> <span class='ocrx_word' id='word_1_48' title='bbox 890 1447 923 1506; x_wconf 80' lang='lat' dir='ltr'><strong>et</strong></span> <span class='ocrx_word' id='word_1_49' title='bbox 941 1446 1017 1525; x_wconf 79' lang='lat' dir='ltr'><strong>pete</strong></span> <span class='ocrx_word' id='word_1_50' title='bbox 1038 1444 1124 1506; x_wconf 84' lang='lat' dir='ltr'><strong>ferro</strong></span> 
     </span>
     <span class='ocr_line' id='line_1_10' title="bbox 307 1559 1006 1644; baseline -0.001 -20"><span class='ocrx_word' id='word_1_51' title='bbox 307 1559 434 1644; x_wconf 81' lang='lat' dir='ltr'><strong>Corpus</strong></span> <span class='ocrx_word' id='word_1_52' title='bbox 455 1566 487 1624; x_wconf 79' lang='lat' dir='ltr'><strong>et</strong></span> <span class='ocrx_word' id='word_1_53' title='bbox 506 1561 633 1624; x_wconf 74' lang='lat' dir='ltr'><strong>intorto</strong></span> <span class='ocrx_word' id='word_1_54' title='bbox 652 1559 788 1623; x_wconf 88' lang='lat' dir='ltr'><strong>verbere</strong></span> <span class='ocrx_word' id='word_1_55' title='bbox 807 1563 901 1641; x_wconf 77' lang='lat' dir='ltr'><strong>berga</strong></span> <span class='ocrx_word' id='word_1_56' title='bbox 921 1578 1006 1623; x_wconf 83' lang='lat' dir='ltr'><strong>seca.</strong></span> 
     </span>
     <span class='ocr_line' id='line_1_11' title="bbox 262 1675 1046 1757; baseline 0 -19"><span class='ocrx_word' id='word_1_57' title='bbox 262 1677 328 1739; x_wconf 87' lang='lat' dir='ltr'><strong>Nee</strong></span> <span class='ocrx_word' id='word_1_58' title='bbox 347 1676 409 1738; x_wconf 77' lang='lat' dir='ltr'><strong>bibi</strong></span> <span class='ocrx_word' id='word_1_59' title='bbox 429 1675 559 1738; x_wconf 82' lang='lat' dir='ltr'><strong>celandi</strong></span> <span class='ocrx_word' id='word_1_60' title='bbox 580 1695 656 1757; x_wconf 88' lang='lat' dir='ltr'><strong>spes</strong></span> <span class='ocrx_word' id='word_1_61' title='bbox 676 1676 719 1738; x_wconf 82' lang='lat' dir='ltr'><strong>sib</strong></span> <span class='ocrx_word' id='word_1_62' title='bbox 737 1694 873 1757; x_wconf 78' lang='lat' dir='ltr'><strong>peceare</strong></span> <span class='ocrx_word' id='word_1_63' title='bbox 893 1676 1046 1757; x_wconf 77' lang='lat' dir='ltr'><strong>paranti:</strong></span> 
     </span>
     <span class='ocr_line' id='line_1_12' title="bbox 306 1790 1049 1874; baseline 0.001 -21"><span class='ocrx_word' id='word_1_64' title='bbox 306 1792 367 1856; x_wconf 81' lang='lat' dir='ltr'><strong>Esb</strong></span> <span class='ocrx_word' id='word_1_65' title='bbox 385 1791 476 1868; x_wconf 89' lang='lat' dir='ltr'><strong>deus,</strong></span> <span class='ocrx_word' id='word_1_66' title='bbox 498 1790 646 1855; x_wconf 79' lang='lat' dir='ltr'><strong>oaeultos</strong></span> <span class='ocrx_word' id='word_1_67' title='bbox 666 1792 723 1874; x_wconf 91' lang='lat' dir='ltr'><strong>qui</strong></span> <span class='ocrx_word' id='word_1_68' title='bbox 741 1794 833 1855; x_wconf 81' lang='lat' dir='ltr'><strong>vetat</strong></span> <span class='ocrx_word' id='word_1_69' title='bbox 853 1810 924 1855; x_wconf 85' lang='lat' dir='ltr'><strong>esse</strong></span> <span class='ocrx_word' id='word_1_70' title='bbox 946 1791 1049 1854; x_wconf 90' lang='lat' dir='ltr'><strong>dolos.</strong></span> 
     </span>
     <span class='ocr_line' id='line_1_13' title="bbox 263 1907 1042 1989; baseline 0.001 -20"><span class='ocrx_word' id='word_1_71' title='bbox 263 1907 338 1989; x_wconf 89' lang='lat' dir='ltr'><strong>Ipse</strong></span> <span class='ocrx_word' id='word_1_72' title='bbox 358 1907 439 1971; x_wconf 87' lang='lat' dir='ltr'><strong>deus</strong></span> <span class='ocrx_word' id='word_1_73' title='bbox 458 1908 560 1972; x_wconf 76' lang='lat' dir='ltr'><strong>tacito</strong></span> <span class='ocrx_word' id='word_1_74' title='bbox 579 1907 743 1989; x_wconf 82' lang='lat' dir='ltr'><strong>permisib,</strong></span> <span class='ocrx_word' id='word_1_75' title='bbox 762 1908 855 1982; x_wconf 82' lang='lat' dir='ltr'><strong>iaeve,</strong></span> <span class='ocrx_word' id='word_1_76' title='bbox 875 1907 1042 1981; x_wconf 81' lang='lat' dir='ltr'><strong>ministre,</strong></span> 
     </span>
     <span class='ocr_line' id='line_1_14' title="bbox 304 2022 983 2087; baseline 0.001 -2"><span class='ocrx_word' id='word_1_77' title='bbox 304 2022 426 2087; x_wconf 72' lang='lat' dir='ltr'><strong>Ederet</strong></span> <span class='ocrx_word' id='word_1_78' title='bbox 444 2026 482 2087; x_wconf 81' lang='lat' dir='ltr'><strong>ub</strong></span> <span class='ocrx_word' id='word_1_79' title='bbox 500 2025 607 2087; x_wconf 75' lang='lat' dir='ltr'><strong>mulio</strong></span> <span class='ocrx_word' id='word_1_80' title='bbox 626 2023 732 2086; x_wconf 85' lang='lat' dir='ltr'><strong>libera</strong></span> <span class='ocrx_word' id='word_1_81' title='bbox 750 2023 852 2087; x_wconf 86' lang='lat' dir='ltr'><strong>verba</strong></span> <span class='ocrx_word' id='word_1_82' title='bbox 870 2041 983 2086; x_wconf 89' lang='lat' dir='ltr'><strong>mero:</strong></span> 
     </span>
     <span class='ocr_line' id='line_1_15' title="bbox 262 2138 1052 2222; baseline -0.001 -20"><span class='ocrx_word' id='word_1_83' title='bbox 262 2138 337 2222; x_wconf 90' lang='lat' dir='ltr'><strong>Ipse</strong></span> <span class='ocrx_word' id='word_1_84' title='bbox 358 2139 439 2203; x_wconf 86' lang='lat' dir='ltr'><strong>deus</strong></span> <span class='ocrx_word' id='word_1_85' title='bbox 460 2160 577 2203; x_wconf 88' lang='lat' dir='ltr'><strong>somno</strong></span> <span class='ocrx_word' id='word_1_86' title='bbox 598 2139 744 2203; x_wconf 79' lang='lat' dir='ltr'><strong>domitos</strong></span> <span class='ocrx_word' id='word_1_87' title='bbox 764 2140 917 2202; x_wconf 83' lang='lat' dir='ltr'><strong>emibbere</strong></span> <span class='ocrx_word' id='word_1_88' title='bbox 936 2158 1052 2201; x_wconf 81' lang='lat' dir='ltr'><strong>vocem</strong></span> 
     </span>
     <span class='ocr_line' id='line_1_16' title="bbox 306 2255 1016 2336; baseline 0 -20"><span class='ocrx_word' id='word_1_89' title='bbox 306 2255 408 2317; x_wconf 80' lang='lat' dir='ltr'><strong>Iussit</strong></span> <span class='ocrx_word' id='word_1_90' title='bbox 428 2257 461 2318; x_wconf 82' lang='lat' dir='ltr'><strong>eb</strong></span> <span class='ocrx_word' id='word_1_91' title='bbox 480 2255 605 2319; x_wconf 74' lang='lat' dir='ltr'><strong>invitos</strong></span> <span class='ocrx_word' id='word_1_92' title='bbox 625 2256 712 2318; x_wconf 75' lang='lat' dir='ltr'><strong>facta</strong></span> <span class='ocrx_word' id='word_1_93' title='bbox 731 2255 875 2336; x_wconf 76' lang='lat' dir='ltr'><strong>tegenda</strong></span> <span class='ocrx_word' id='word_1_94' title='bbox 893 2255 1016 2336; x_wconf 86' lang='lat' dir='ltr'><strong>loqui.»</strong></span> 
     </span>
     <span class='ocr_line' id='line_1_17' title="bbox 260 2369 1171 2450; baseline 0.002 -19"><span class='ocrx_word' id='word_1_95' title='bbox 260 2369 340 2432; x_wconf 84' lang='lat' dir='ltr'><strong>Haee</strong></span> <span class='ocrx_word' id='word_1_96' title='bbox 362 2389 421 2450; x_wconf 85' lang='lat' dir='ltr'><strong>ego</strong></span> <span class='ocrx_word' id='word_1_97' title='bbox 442 2369 612 2433; x_wconf 78' lang='lat' dir='ltr'><strong>dicebam:</strong></span> <span class='ocrx_word' id='word_1_98' title='bbox 632 2390 722 2434; x_wconf 85' lang='lat' dir='ltr'><strong>nune</strong></span> <span class='ocrx_word' id='word_1_99' title='bbox 740 2391 795 2433; x_wconf 85' lang='lat' dir='ltr'><strong>me</strong></span> <span class='ocrx_word' id='word_1_100' title='bbox 814 2369 946 2433; x_wconf 89' lang='lat' dir='ltr'><strong>flevisse</strong></span> <span class='ocrx_word' id='word_1_101' title='bbox 965 2370 1171 2450; x_wconf 79' lang='lat' dir='ltr'><strong>loquentem,</strong></span> 
     </span>
     <span class='ocr_line' id='line_1_18' title="bbox 305 2484 1105 2568; baseline 0.001 -21"><span class='ocrx_word' id='word_1_102' title='bbox 305 2484 402 2548; x_wconf 85' lang='lat' dir='ltr'><strong>Nune</strong></span> <span class='ocrx_word' id='word_1_103' title='bbox 421 2486 524 2566; x_wconf 79' lang='lat' dir='ltr'><strong>pudet</strong></span> <span class='ocrx_word' id='word_1_104' title='bbox 544 2485 585 2548; x_wconf 90' lang='lat' dir='ltr'><strong>ad</strong></span> <span class='ocrx_word' id='word_1_105' title='bbox 603 2487 737 2549; x_wconf 80' lang='lat' dir='ltr'><strong>teneros</strong></span> <span class='ocrx_word' id='word_1_106' title='bbox 757 2485 974 2568; x_wconf 78' lang='lat' dir='ltr'><strong>procubuisse</strong></span> <span class='ocrx_word' id='word_1_107' title='bbox 994 2487 1105 2566; x_wconf 86' lang='lat' dir='ltr'><strong>pedes.</strong></span> 
     </span>
     <span class='ocr_line' id='line_1_19' title="bbox 260 2599 1000 2664; baseline 0 -2"><span class='ocrx_word' id='word_1_108' title='bbox 260 2600 352 2663; x_wconf 80' lang='lat' dir='ltr'><strong>Tune</strong></span> <span class='ocrx_word' id='word_1_109' title='bbox 371 2600 456 2664; x_wconf 91' lang='lat' dir='ltr'><strong>mihi</strong></span> <span class='ocrx_word' id='word_1_110' title='bbox 475 2599 608 2663; x_wconf 83' lang='lat' dir='ltr'><strong>iurabas</strong></span> <span class='ocrx_word' id='word_1_111' title='bbox 628 2601 723 2664; x_wconf 84' lang='lat' dir='ltr'><strong>nulio</strong></span> <span class='ocrx_word' id='word_1_112' title='bbox 743 2605 775 2663; x_wconf 82' lang='lat' dir='ltr'><strong>be</strong></span> <span class='ocrx_word' id='word_1_113' title='bbox 796 2601 909 2664; x_wconf 76' lang='lat' dir='ltr'><strong>divitis</strong></span> <span class='ocrx_word' id='word_1_114' title='bbox 930 2602 1000 2664; x_wconf 86' lang='lat' dir='ltr'><strong>euri</strong></span> 
     </span>
     <span class='ocr_line' id='line_1_20' title="bbox 305 2714 1113 2796; baseline 0.001 -18"><span class='ocrx_word' id='word_1_115' title='bbox 305 2715 464 2789; x_wconf 86' lang='lat' dir='ltr'><strong>Pondere,</strong></span> <span class='ocrx_word' id='word_1_116' title='bbox 485 2737 555 2779; x_wconf 92' lang='lat' dir='ltr'><strong>non</strong></span> <span class='ocrx_word' id='word_1_117' title='bbox 575 2715 716 2796; x_wconf 84' lang='lat' dir='ltr'><strong>gemmis</strong></span> <span class='ocrx_word' id='word_1_118' title='bbox 735 2715 878 2779; x_wconf 84' lang='lat' dir='ltr'><strong>vendere</strong></span> <span class='ocrx_word' id='word_1_119' title='bbox 897 2716 983 2780; x_wconf 84' lang='lat' dir='ltr'><strong>velle</strong></span> <span class='ocrx_word' id='word_1_120' title='bbox 1002 2714 1113 2791; x_wconf 90' lang='lat' dir='ltr'><strong>fidem,</strong></span> 
     </span>
     <span class='ocr_line' id='line_1_21' title="bbox 260 2831 1106 2913; baseline -0.001 -19"><span class='ocrx_word' id='word_1_121' title='bbox 260 2832 335 2894; x_wconf 88' lang='lat' dir='ltr'><strong>Non</strong></span> <span class='ocrx_word' id='word_1_122' title='bbox 355 2832 417 2894; x_wconf 77' lang='lat' dir='ltr'><strong>bibi</strong></span> <span class='ocrx_word' id='word_1_123' title='bbox 438 2832 465 2895; x_wconf 91' lang='lat' dir='ltr'><strong>si</strong></span> <span class='ocrx_word' id='word_1_124' title='bbox 486 2833 630 2912; x_wconf 72' lang='lat' dir='ltr'><strong>pretium</strong></span> <span class='ocrx_word' id='word_1_125' title='bbox 651 2831 836 2913; x_wconf 81' lang='lat' dir='ltr'><strong>Campania</strong></span> <span class='ocrx_word' id='word_1_126' title='bbox 852 2837 943 2895; x_wconf 51' lang='lat' dir='ltr'><strong>¹terra</strong></span> <span class='ocrx_word' id='word_1_127' title='bbox 963 2832 1106 2902; x_wconf 79' lang='lat' dir='ltr'><strong>daretur,</strong></span> 
     </span>
     <span class='ocr_line' id='line_1_22' title="bbox 307 2946 1045 3028; baseline 0 -18"><span class='ocrx_word' id='word_1_128' title='bbox 307 2947 382 3010; x_wconf 90' lang='lat' dir='ltr'><strong>Non</strong></span> <span class='ocrx_word' id='word_1_129' title='bbox 401 2946 463 3011; x_wconf 78' lang='lat' dir='ltr'><strong>nbi</strong></span> <span class='ocrx_word' id='word_1_130' title='bbox 483 2947 513 3011; x_wconf 91' lang='lat' dir='ltr'><strong>si</strong></span> <span class='ocrx_word' id='word_1_131' title='bbox 533 2947 656 3010; x_wconf 81' lang='lat' dir='ltr'><strong>Bacchi</strong></span> <span class='ocrx_word' id='word_1_132' title='bbox 676 2967 755 3011; x_wconf 84' lang='lat' dir='ltr'><strong>eura</strong></span> <span class='ocrx_word' id='word_1_133' title='bbox 774 2947 938 3010; x_wconf 84' lang='lat' dir='ltr'><strong>Falernus</strong></span> <span class='ocrx_word' id='word_1_134' title='bbox 960 2967 1045 3028; x_wconf 84' lang='lat' dir='ltr'><strong>ager.</strong></span> 
     </span>
     <span class='ocr_line' id='line_1_23' title="bbox 259 3062 951 3146; baseline -0.001 -21"><span class='ocrx_word' id='word_1_135' title='bbox 259 3063 333 3126; x_wconf 89' lang='lat' dir='ltr'><strong>Illis</strong></span> <span class='ocrx_word' id='word_1_136' title='bbox 354 3064 500 3146; x_wconf 80' lang='lat' dir='ltr'><strong>e&#39;riperes&#39;</strong></span> <span class='ocrx_word' id='word_1_137' title='bbox 517 3063 628 3128; x_wconf 86' lang='lat' dir='ltr'><strong>verbis</strong></span> <span class='ocrx_word' id='word_1_138' title='bbox 647 3063 729 3126; x_wconf 89' lang='lat' dir='ltr'><strong>mihi</strong></span> <span class='ocrx_word' id='word_1_139' title='bbox 751 3062 861 3128; x_wconf 86' lang='lat' dir='ltr'><strong>sidera</strong></span> <span class='ocrx_word' id='word_1_140' title='bbox 879 3063 951 3126; x_wconf 83' lang='lat' dir='ltr'><strong>eaeli</strong></span> 
     </span>
     <span class='ocr_line' id='line_1_24' title="bbox 304 3177 987 3242; baseline 0 -3"><span class='ocrx_word' id='word_1_141' title='bbox 304 3177 431 3241; x_wconf 80' lang='lat' dir='ltr'><strong>Lucere</strong></span> <span class='ocrx_word' id='word_1_142' title='bbox 452 3183 485 3242; x_wconf 81' lang='lat' dir='ltr'><strong>eb</strong></span> <span class='ocrx_word' id='word_1_143' title='bbox 503 3179 621 3241; x_wconf 82' lang='lat' dir='ltr'><strong>rubras</strong></span> <span class='ocrx_word' id='word_1_144' title='bbox 642 3178 793 3241; x_wconf 83' lang='lat' dir='ltr'><strong>fulminis</strong></span> <span class='ocrx_word' id='word_1_145' title='bbox 814 3198 886 3242; x_wconf 90' lang='lat' dir='ltr'><strong>esse</strong></span> <span class='ocrx_word' id='word_1_146' title='bbox 905 3179 987 3242; x_wconf 86' lang='lat' dir='ltr'><strong>vias.</strong></span> 
     </span>
     <span class='ocr_line' id='line_1_25' title="bbox 263 3291 1110 3376; baseline 0.002 -23"><span class='ocrx_word' id='word_1_147' title='bbox 263 3291 350 3368; x_wconf 80' lang='lat' dir='ltr'><strong>Quin</strong></span> <span class='ocrx_word' id='word_1_148' title='bbox 370 3294 471 3357; x_wconf 79' lang='lat' dir='ltr'><strong>etiam</strong></span> <span class='ocrx_word' id='word_1_149' title='bbox 490 3293 614 3357; x_wconf 86' lang='lat' dir='ltr'><strong>flebas:</strong></span> <span class='ocrx_word' id='word_1_150' title='bbox 635 3297 669 3356; x_wconf 75' lang='lat' dir='ltr'><strong>ab</strong></span> <span class='ocrx_word' id='word_1_151' title='bbox 688 3314 758 3358; x_wconf 89' lang='lat' dir='ltr'><strong>nen</strong></span> <span class='ocrx_word' id='word_1_152' title='bbox 778 3314 837 3376; x_wconf 86' lang='lat' dir='ltr'><strong>ego</strong></span> <span class='ocrx_word' id='word_1_153' title='bbox 860 3294 973 3356; x_wconf 84' lang='lat' dir='ltr'><strong>fallere</strong></span> <span class='ocrx_word' id='word_1_154' title='bbox 993 3293 1110 3357; x_wconf 79' lang='lat' dir='ltr'><strong>doc-bus</strong></span> 
     </span>
     <span class='ocr_line' id='line_1_26' title="bbox 307 3406 1089 3491; baseline 0.004 -22"><span class='ocrx_word' id='word_1_155' title='bbox 307 3406 485 3489; x_wconf 75' lang='lat' dir='ltr'><strong>Tergebam</strong></span> <span class='ocrx_word' id='word_1_156' title='bbox 504 3413 659 3473; x_wconf 72' lang='lat' dir='ltr'><strong>umentes</strong></span> <span class='ocrx_word' id='word_1_157' title='bbox 680 3409 833 3473; x_wconf 83' lang='lat' dir='ltr'><strong>credulus</strong></span> <span class='ocrx_word' id='word_1_158' title='bbox 852 3429 958 3491; x_wconf 86' lang='lat' dir='ltr'><strong>usque</strong></span> <span class='ocrx_word' id='word_1_159' title='bbox 977 3429 1089 3491; x_wconf 86' lang='lat' dir='ltr'><strong>genas.</strong></span> 
     </span>
     <span class='ocr_line' id='line_1_27' title="bbox 262 3517 1195 3606; baseline -0.001 -20"><span class='ocrx_word' id='word_1_160' title='bbox 262 3522 348 3600; x_wconf 82' lang='lat' dir='ltr'><strong>Quid</strong></span> <span class='ocrx_word' id='word_1_161' title='bbox 368 3525 498 3599; x_wconf 82' lang='lat' dir='ltr'><strong>faniam,</strong></span> <span class='ocrx_word' id='word_1_162' title='bbox 520 3525 587 3588; x_wconf 90' lang='lat' dir='ltr'><strong>nisi</strong></span> <span class='ocrx_word' id='word_1_163' title='bbox 608 3528 641 3587; x_wconf 80' lang='lat' dir='ltr'><strong>et</strong></span> <span class='ocrx_word' id='word_1_164' title='bbox 659 3526 730 3606; x_wconf 88' lang='lat' dir='ltr'><strong>ipse</strong></span> <span class='ocrx_word' id='word_1_165' title='bbox 743 3517 841 3589; x_wconf 83' lang='lat' dir='ltr'><strong>&#39;iores</strong></span> <span class='ocrx_word' id='word_1_166' title='bbox 860 3527 896 3588; x_wconf 92' lang='lat' dir='ltr'><strong>in</strong></span> <span class='ocrx_word' id='word_1_167' title='bbox 916 3545 1029 3588; x_wconf 88' lang='lat' dir='ltr'><strong>amore</strong></span> <span class='ocrx_word' id='word_1_168' title='bbox 1047 3524 1195 3606; x_wconf 78' lang='lat' dir='ltr'><strong>puellae?</strong></span> 
     </span>
     <span class='ocr_line' id='line_1_28' title="bbox 305 3635 1010 3722; baseline 0.003 -20"><span class='ocrx_word' id='word_1_169' title='bbox 305 3635 369 3702; x_wconf 81' lang='lat' dir='ltr'><strong>sed</strong></span> <span class='ocrx_word' id='word_1_170' title='bbox 389 3661 506 3722; x_wconf 87' lang='lat' dir='ltr'><strong>preaor</strong></span> <span class='ocrx_word' id='word_1_171' title='bbox 525 3641 676 3722; x_wconf 85' lang='lat' dir='ltr'><strong>exemplo</strong></span> <span class='ocrx_word' id='word_1_172' title='bbox 698 3639 741 3704; x_wconf 80' lang='lat' dir='ltr'><strong>sib</strong></span> <span class='ocrx_word' id='word_1_173' title='bbox 760 3642 844 3704; x_wconf 86' lang='lat' dir='ltr'><strong>levis</strong></span> <span class='ocrx_word' id='word_1_174' title='bbox 865 3640 924 3704; x_wconf 86' lang='lat' dir='ltr'><strong>ilia</strong></span> <span class='ocrx_word' id='word_1_175' title='bbox 944 3644 1010 3704; x_wconf 78' lang='lat' dir='ltr'><strong>bue.</strong></span> 
     </span>
     <span class='ocr_line' id='line_1_29' title="bbox 259 3752 1152 3838; baseline 0.002 -22"><span class='ocrx_word' id='word_1_176' title='bbox 259 3752 286 3816; x_wconf 90' lang='grc' dir='ltr'><strong>Ο</strong></span> <span class='ocrx_word' id='word_1_177' title='bbox 307 3758 472 3836; x_wconf 76' lang='lat' dir='ltr'><strong>quotiens,</strong></span> <span class='ocrx_word' id='word_1_178' title='bbox 493 3757 603 3821; x_wconf 84' lang='lat' dir='ltr'><strong>ve&#39;rbis</strong></span> <span class='ocrx_word' id='word_1_179' title='bbox 623 3777 666 3820; x_wconf 93' lang='lat' dir='ltr'><strong>ne</strong></span> <span class='ocrx_word' id='word_1_180' title='bbox 686 3759 862 3838; x_wconf 88' lang='lat' dir='ltr'><strong>quisquam</strong></span> <span class='ocrx_word' id='word_1_181' title='bbox 882 3758 1036 3822; x_wconf 83' lang='lat' dir='ltr'><strong>eonseius</strong></span> <span class='ocrx_word' id='word_1_182' title='bbox 1057 3760 1152 3830; x_wconf 74' lang='lat' dir='ltr'><strong>esset,</strong></span> 
     </span>
     <span class='ocr_line' id='line_1_30' title="bbox 304 3871 1005 3951; baseline 0.003 -19"><span class='ocrx_word' id='word_1_183' title='bbox 304 3871 380 3951; x_wconf 82' lang='lat' dir='ltr'><strong>lpse</strong></span> <span class='ocrx_word' id='word_1_184' title='bbox 400 3892 512 3936; x_wconf 80' lang='lat' dir='ltr'><strong>eomes</strong></span> <span class='ocrx_word' id='word_1_185' title='bbox 531 3873 639 3935; x_wconf 79' lang='lat' dir='ltr'><strong>mulia</strong></span> <span class='ocrx_word' id='word_1_186' title='bbox 657 3873 788 3935; x_wconf 86' lang='lat' dir='ltr'><strong>lumina</strong></span> <span class='ocrx_word' id='word_1_187' title='bbox 806 3876 904 3935; x_wconf 79' lang='lat' dir='ltr'><strong>noete</strong></span> <span class='ocrx_word' id='word_1_188' title='bbox 924 3873 1005 3935; x_wconf 77' lang='lat' dir='ltr'><strong>buli!</strong></span> 
     </span>
     <span class='ocr_line' id='line_1_31' title="bbox 261 3983 1044 4068; baseline 0.001 -20"><span class='ocrx_word' id='word_1_189' title='bbox 261 3983 353 4065; x_wconf 85' lang='lat' dir='ltr'><strong>Saepe</strong></span> <span class='ocrx_word' id='word_1_190' title='bbox 373 3986 562 4068; x_wconf 74' lang='lat' dir='ltr'><strong>insperanti</strong></span> <span class='ocrx_word' id='word_1_191' title='bbox 580 3987 673 4049; x_wconf 80' lang='lat' dir='ltr'><strong>venit</strong></span> <span class='ocrx_word' id='word_1_192' title='bbox 692 3984 753 4048; x_wconf 80' lang='lat' dir='ltr'><strong>bibi</strong></span> <span class='ocrx_word' id='word_1_193' title='bbox 772 3983 917 4049; x_wconf 40' lang='lat' dir='ltr'><strong>munere*</strong></span> <span class='ocrx_word' id='word_1_194' title='bbox 929 3991 1044 4049; x_wconf 78' lang='lat' dir='ltr'><strong>nostro</strong></span> 
     </span>
     <span class='ocr_line' id='line_1_32' title="bbox 302 4099 1008 4183; baseline 0.006 -23"><span class='ocrx_word' id='word_1_195' title='bbox 302 4099 345 4163; x_wconf 78' lang='lat' dir='ltr'><strong>Es</strong></span> <span class='ocrx_word' id='word_1_196' title='bbox 364 4100 463 4164; x_wconf 79' lang='lat' dir='ltr'><strong>latuit</strong></span> <span class='ocrx_word' id='word_1_197' title='bbox 483 4102 614 4164; x_wconf 83' lang='lat' dir='ltr'><strong>alausas</strong></span> <span class='ocrx_word' id='word_1_198' title='bbox 633 4106 711 4183; x_wconf 76' lang='lat' dir='ltr'><strong>pest</strong></span> <span class='ocrx_word' id='word_1_199' title='bbox 731 4101 891 4182; x_wconf 74' lang='lat' dir='ltr'><strong>adoperta</strong></span> <span class='ocrx_word' id='word_1_200' title='bbox 911 4103 1008 4164; x_wconf 88' lang='lat' dir='ltr'><strong>feres.</strong></span> 
     </span>
    </p>
   </div>
   <div class='ocr_carea' id='block_1_3' title="bbox 259 4221 1041 4303">
    <p class='ocr_par' dir='ltr' id='par_1_3' title="bbox 259 4221 1041 4303">
     <span class='ocr_line' id='line_1_33' title="bbox 259 4221 1041 4303; baseline 0.006 -20"><span class='ocrx_word' id='word_1_201' title='bbox 259 4221 342 4286; x_wconf 85' lang='lat' dir='ltr'><strong>Tum</strong></span> <span class='ocrx_word' id='word_1_202' title='bbox 361 4225 464 4289; x_wconf 89' lang='lat' dir='ltr'><strong>miser</strong></span> <span class='ocrx_word' id='word_1_203' title='bbox 483 4227 607 4303; x_wconf 78' lang='lat' dir='ltr'><strong>interii,</strong></span> <span class='ocrx_word' id='word_1_204' title='bbox 629 4227 730 4290; x_wconf 72' lang='lat' dir='ltr'><strong>stulte</strong></span> <span class='ocrx_word' id='word_1_205' title='bbox 751 4224 896 4290; x_wconf 84' lang='lat' dir='ltr'><strong>confisus</strong></span> <span class='ocrx_word' id='word_1_206' title='bbox 917 4225 1041 4288; x_wconf 85' lang='lat' dir='ltr'><strong>amari:</strong></span> 
     </span>
    </p>
   </div>
   <div class='ocr_carea' id='block_1_4' title="bbox 0 0 1658 4896">
    <p class='ocr_par' dir='ltr' id='par_1_4' title="bbox 0 0 1658 4896">
     <span class='ocr_line' id='line_1_34' title="bbox 0 0 1658 4896; baseline 0 0"><span class='ocrx_word' id='word_1_207' title='bbox 0 0 1658 4896; x_wconf 95' lang='lat' dir='ltr'><strong> </strong></span> 
     </span>
    </p>
   </div>
  </div>
 </body>
</html>
