3268 4896
638 455 680 501 an
695 458 719 503 1.
738 455 780 518 10,
798 455 924 503 es—ee.
1298 437 1347 490 103

218 635 307 698 felici
334 634 445 698 reditu
475 637 556 698 vota
584 632 728 697 Laribus
759 637 1032 716 nuncupaverat;
1062 633 1204 698 Laribus
1233 637 1347 698 autem

215 749 292 814 ideo
307 754 386 815 vota
404 751 494 826 facit,
513 750 592 832 quia
619 749 734 814 hostes
753 769 773 813 a
791 749 934 815 Laribus
962 751 1066 815 arceri
1095 749 1275 814 credebant
1292 770 1347 814 ve-

217 868 303 928 teres
315 888 324 941 ;
353 866 392 929 cf.
423 865 516 929 Paul
545 863 634 927 Fest
666 883 690 928 s.
712 885 740 927 v.
764 861 912 931 Hostilia
938 867 981 947 (p.
1003 867 1055 930 72.
1077 865 1127 928 ed.
1148 864 1347 942 Thewrewk)

217 977 316 1044 dicit:
342 977 504 1044 «Hostilis
532 978 675 1042 Laribus
703 979 936 1054 immolabant,
962 978 1051 1062 quod
1080 979 1120 1042 ab
1148 979 1202 1042 his
1230 978 1346 1042 hostes

217 1094 320 1157 arceri
338 1094 534 1175 putabant».
555 1092 653 1158 Unde
681 1093 920 1157 existimabant
948 1081 1078 1176 antiqui
1099 1094 1201 1158 etiam
1221 1110 1346 1156 nomen

217 1205 336 1274 hoetiae
364 1209 501 1272 ductum
529 1211 614 1272 teste
634 1207 691 1273 Ov.
712 1208 802 1272 Fast
824 1210 848 1273 L
872 1211 956 1274 336:
981 1208 1164 1273 «Hostibus
1195 1228 1215 1270 a
1243 1207 1345 1270 motis

215 1325 327 1388 hostia
345 1341 473 1388 nomen
491 1324 623 1388 habet».
644 1360 688 1368 —
708 1321 900 1408 Hostiaque
915 1341 931 1388 c
945 1324 1053 1407 plena
1070 1322 1199 1391 rustico
1217 1339 1346 1406 porcus

218 1437 316 1515 bora,
346 1440 459 1503 locum
487 1439 639 1502 imitatur
668 1442 753 1502 auct
777 1436 884 1501 Carm.
914 1437 1022 1519 Priap.
1045 1440 1097 1514 65,
1119 1440 1158 1501 2:
1183 1435 1347 1501 «Caeditur

216 1555 367 1635 stepida
386 1556 525 1618 victima
543 1575 666 1636 porcus
696 1555 795 1618 harae
821 1557 853 1617 et
873 1553 930 1618 Ov.
951 1554 1024 1618 Am.
1044 1554 1103 1618 HI.
1128 1555 1177 1629 13,
1202 1555 1261 1618 16:
1287 1551 1347 1615 «Et

215 1671 327 1734 minor
355 1692 394 1734 ex
423 1670 544 1735 humili
572 1672 708 1735 victima
738 1691 860 1754 porcus
880 1673 993 1745 hara»,
1015 1707 1060 1715 —
1073 1689 1214 1757 porcae,
1233 1669 1345 1752 saepis-

216 1785 300 1848 sime
327 1784 569 1849 immolabatur
596 1785 759 1861 Laribus;
779 1786 820 1849 cf.
841 1785 922 1849 Hor.
944 1783 1011 1849 Sat.
1032 1786 1073 1849 H.
1097 1785 1126 1860 3,
1151 1783 1346 1848 164-165:

220 1898 392 1962 «immolet
426 1900 530 1981 aequis
560 1898 626 1962 Hic
660 1920 801 1982 porcum
829 1901 989 1964 Laribus»
1022 1905 1055 1962 et
1083 1898 1189 1963 Carm.
1210 1897 1269 1960 HL
1292 1899 1343 1972 23,

217 2015 323 2078 3-4:
358 2013 412 2078 «Si
439 2019 512 2078 ture
541 2016 687 2096 placaris
717 2020 750 2079 et
778 2017 887 2080 horna
912 2017 1023 2098 Fruge
1050 2015 1153 2078 Lares
1184 2013 1345 2095 avidaque

214 2149 346 2212 porca».
367 2130 540 2194 Vovebant
558 2151 698 2214 porcum
716 2152 777 2213 pro
797 2133 887 2196 felici
914 2132 1025 2196 reditu
1044 2131 1146 2194 etiam
1176 2130 1250 2193 aliis
1271 2128 1344 2204 diis,

214 2248 252 2307 ut
280 2243 376 2307 docet
403 2246 519 2328 fragm.
541 2245 720 2327 Pomponii
749 2246 838 2328 apud
863 2245 947 2310 Geli„
968 2246 1006 2309 N.
1026 2245 1063 2308 A.
1089 2247 1137 2320 16,
1160 2245 1200 2308 ὃς
1226 2242 1343 2317 «Mars,

214 2360 275 2425 tibi
294 2380 399 2424 voveo
419 2362 595 2438 iacturum,
618 2363 647 2425 si
666 2381 816 2444 unquam
834 2363 980 2435 redierit,
1000 2361 1135 2425 bidente
1155 2379 1280 2425 verre».
1302 2393 1346 2402 -

213 2473 315 2542 Horae
329 2494 425 2559 puro
445 2496 524 2542 cam
543 2480 633 2543 ceste
651 2497 788 2562 sequor,
810 2497 853 2542 so.
875 2480 904 2542 si
924 2478 1062 2542 rediero.
1083 2495 1237 2560 —puro
1267 2494 1345 2540 cum

214 2596 311 2668 veste,
327 2613 443 2657 recens
462 2595 540 2670 lota,
556 2595 629 2658 sine
642 2595 795 2670 maculis,
809 2596 942 2677 qualem
961 2592 1186 2659 sacrificantes
1206 2591 1344 2655 induere

214 2706 381 2770 debebant
392 2728 401 2783 ;
422 2709 461 2771 cf.
483 2709 573 2772 infra
592 2709 633 2772 IL
659 2712 685 2784 1,
711 2711 771 2772 13:
797 2708 914 2773 «Casta
932 2711 1068 2791 placent
1086 2707 1240 2789 superis:
1260 2725 1346 2789 pura

214 2843 291 2887 cum
321 2827 413 2887 veste
444 2825 587 2888 venite».
609 2860 655 2868 —-
673 2827 853 2909 myrtoque
882 2825 1033 2891 canistra
1067 2824 1188 2891 Vincta
1213 2839 1346 2908 qouque,

213 2941 315 3021 myrti
328 2959 427 3004 nsum
448 2941 483 3005 in
503 2943 595 3005 cultu
606 2942 731 3005 Larum
751 2945 992 3006 commemorat
1011 2943 1113 3006 etiam
1132 2939 1213 3003 Hor.
1235 2937 1343 3003 (laem.

213 3054 273 3132 ΠΙ,
306 3056 357 3130 23,
392 3056 542 3120 15-16:
572 3055 712 3120 «Parvos
741 3059 959 3119 coronantem
987 3056 1119 3120 marino
1147 3054 1234 3116 Rore
1265 3052 1344 3115 deos

213 3171 390 3252 fragilique
409 3175 551 3253 myrto».
572 3207 617 3215 -
636 3171 801 3248 canistra,
823 3171 1000 3253 inquibus
1029 3177 1093 3248 tus,
1115 3170 1231 3244 libum,
1253 3169 1344 3231 mola

213 3285 303 3349 salsa
323 3287 419 3349 erant
438 3284 479 3347 ad
499 3284 699 3348 sacrificium
719 3285 919 3349 necessaria.
1281 3373 1284 3380 1

258 3400 294 3464 V.
317 3401 461 3465 29—32.
480 3397 540 3466 Sic
562 3399 723 3486 placeam
751 3400 857 3476 vobis,
880 3422 922 3466 se.
945 3421 1038 3465 sacra
1066 3403 1120 3483 pie
1140 3401 1264 3474 colens,
1285 3419 1343 3479 pa-

213 3514 318 3579 cificis
336 3516 496 3592 moribus,
518 3537 589 3582 non
608 3516 763 3580 bellicam
791 3518 939 3600 praedam
959 3519 1117 3581 referens.
1138 3554 1183 3560 —
1202 3512 1343 3582 Sternat

213 3631 244 3695 et
265 3629 426 3696 adversos
445 3629 555 3697 Morte
573 3631 708 3716 fovente
727 3631 841 3713 dacae,
859 3652 994 3695 versum
1013 3633 1166 3697 imitatur
1185 3631 1242 3696 Ov.
1261 3629 1341 3693 Her.

214 3745 243 3820 3,
274 3744 336 3810 38:
371 3745 431 3808 «Et
460 3766 575 3828 preme
606 3747 757 3810 turbatos
788 3745 895 3810 Marte
927 3749 1060 3811 favente
1091 3746 1212 3809 viros».
1233 3779 1278 3787 —
1303 3739 1345 3806 Ut

211 3860 300 3926 mihi
323 3862 462 3945 potanti
488 3861 596 3945 possit
625 3880 691 3926 suo
722 3860 832 3926 dicere
861 3861 954 3946 facto
974 3860 1072 3927 Miles
1103 3865 1134 3926 et
1160 3861 1198 3924 iu
1221 3879 1343 3927 meum

208 3978 352 4063 piuqere
383 3981 499 4044 costra
526 3997 631 4055 mero,
662 3980 774 4043 locum
803 3983 881 4043 ante
911 3980 1026 4043 oeulos
1046 3978 1164 4042 habuit
1182 3976 1242 4041 Ov.
1263 3978 1341 4041 Her.

216 4092 244 4169 l,
275 4092 427 4156 31-3a:
461 4093 585 4175 «Atque
621 4093 742 4174 aliquis
776 4094 887 4174 posita
920 4097 1085 4157 monstrat
1120 4094 1191 4156 fera
1224 4094 1346 4175 proelia

212 4223 331 4269 mensa
350 4206 462 4288 Pingit
482 4211 515 4270 et
535 4207 653 4288 exiguo
672 4206 834 4288 Pergama
854 4211 925 4271 tota
943 4227 1067 4271 mero».
