3306 4896
541 1210 943 1296 DETESTATIO
970 1215 1187 1299 Banna

806 1549 842 1626 (r.
865 1548 927 1626 10.)

350 1677 431 1755 Quis
450 1676 521 1753 fuit,
543 1678 728 1743 horrendos
747 1681 876 1763 primus
897 1681 953 1762 qui
973 1680 1115 1762 protulit
1133 1686 1255 1744 enses?

395 1791 502 1870 Quam
522 1793 612 1856 ferus
632 1798 758 1857 atvero
780 1795 908 1858 ferreus
927 1794 985 1857 ille
1005 1795 1085 1857 fuit!

350 1909 433 1970 Tum
454 1908 558 1971 caedes
578 1909 756 1972 hominum
774 1912 896 1991 generi,
919 1916 992 1974 tum
1011 1911 1129 1992 proelia
1148 1916 1237 1987 nais,

395 2023 477 2086 Tum
498 2023 629 2086 brevior
647 2022 726 2085 dirae
746 2025 864 2088 mortis
885 2028 999 2105 aperta
1017 2025 1072 2088 via
1092 2030 1150 2090 esi

281 2173 294 2208 s
350 2142 401 2203 An
421 2141 508 2203 nihil
527 2140 584 2203 ille
603 2140 707 2204 miser
730 2143 859 2217 meruit,
882 2161 945 2205 nos
965 2140 1007 2204 ad
1026 2143 1117 2204 mala
1135 2146 1252 2206 nostra

395 2254 572 2332 Veriimus,
593 2257 631 2318 in
651 2275 754 2319 saevas
774 2256 863 2339 quod
882 2257 973 2320 dedii
990 2257 1049 2319 ille
1069 2258 1181 2320 feras?

351 2369 472 2434 Divitis
493 2373 557 2436 hoo
575 2372 696 2437 vitium
715 2376 765 2435 esi
784 2373 866 2449 auri,
888 2392 949 2436 neo
969 2373 1057 2436 bella
1076 2374 1220 2448 fuerunt,

287 2481 288 2485 ’
395 2485 544 2568 Faginus
565 2489 717 2552 adstabat
736 2508 811 2552 oum
831 2489 975 2571 scyphus
996 2493 1073 2551 ante
1094 2489 1204 2570 dapes.

352 2604 426 2669 Non
446 2623 547 2680 arces,
569 2624 638 2667 non
658 2605 767 2668 vallus
787 2611 865 2682 erat,
889 2624 1110 2685 somnumque
1131 2606 1264 2685 petebat

268 2751 296 2786 ιο
398 2717 540 2784 Securus
560 2741 693 2802 sparsas
712 2721 778 2784 dux
796 2723 905 2803 gregis
924 2723 1013 2784 inter
1033 2741 1120 2784 oves.

353 2833 444 2899 Tune
463 2835 548 2898 mihi
563 2813 637 2899 ⁸vita
656 2837 741 2898 foret
760 2835 865 2899 duleis
885 2856 947 2922 neo
967 2837 1076 2899 tristia·
1094 2855 1230 2899 nossem

397 2951 498 3014 Arma
517 2971 579 3014 noo
599 2952 769 3015 audissem
788 2951 885 3014 eorde
905 2953 1051 3015 micante
1070 2950 1195 3014 tubam.

353 3067 447 3130 Nune
467 3067 509 3130 ad
527 3068 617 3132 bella
635 3067 751 3131 trahor
770 3073 802 3132 ei
821 3068 889 3130 iam
909 3069 983 3149 quis
1003 3069 1145 3131 forsitan
1163 3068 1271 3131 hostis

397 3182 539 3248 Haesura
557 3185 594 3247 in
613 3189 729 3248 nostro
749 3186 817 3247 tela
835 3184 921 3264 gerii
939 3185 1053 3248 latere.

271 3328 297 3363 15
355 3297 419 3365 Sed
437 3301 537 3381 patrii
557 3305 686 3364 servate
706 3300 828 3363 Lares:
849 3299 980 3362 aluistis
1001 3301 1033 3361 ei
1052 3298 1150 3373 idem,

400 3415 576 3479 (imsarem
594 3419 724 3479 vestros
744 3435 819 3478 oum
838 3417 933 3477 saner
953 3419 1030 3477 ante
1050 3414 1161 3495 pedes.

354 3531 426 3592 Neu
444 3530 569 3612 pudeat
586 3531 696 3612 priseo
715 3550 774 3594 vos
795 3550 867 3594 esse
888 3550 904 3593 e
925 3530 1038 3610 stipite
1058 3531 1182 3593 fastos:

400 3645 453 3709 Sio
472 3647 593 3710 veteris
614 3645 709 3709 sedes
728 3645 918 3708 incoluistis
937 3646 999 3707 avi.

355 3761 446 3824 Tune
465 3761 586 3824 melius
606 3763 743 3823 tenuere
762 3759 870 3835 fidem,
892 3780 968 3822 oum
988 3779 1134 3841 paupere
1155 3761 1246 3821 cultu

270 3907 299 3942 so
401 3875 517 3940 Stabat
535 3877 572 3940 in
593 3878 711 3958 exigua
729 3877 864 3958 ligneus
883 3875 952 3938 aede
973 3876 1063 3938 deus.

356 3992 420 4054 Hie
438 3994 590 4074 placatus
611 3996 689 4069 erat,
713 4013 773 4056 seu
793 3992 866 4073 quis
886 3990 1048 4054 libaverat
1067 4012 1175 4066 uvam,

401 4106 468 4170 Seu
486 4108 622 4171 dederat
642 4113 762 4172 sanotae
783 4108 894 4188 spioea
913 4109 1001 4170 serta
1021 4125 1142 4170 oomae:

357 4223 462 4304 Atque
484 4223 604 4305 aliquis
623 4224 693 4287 voti
713 4243 851 4304 compos
870 4223 939 4286 liba
959 4223 1031 4304 ipse
1051 4221 1179 4284 ferebat
