3306 4896
316 443 348 496 14
820 465 843 509 1.
861 463 886 509 a.
905 464 931 509 9.

356 639 417 702 Vel
437 661 514 704 eum
532 641 709 723 promittit.
732 639 842 703 subito
863 640 922 704 sed
940 639 1066 723 perfida
1085 640 1183 718 fallit,

400 757 460 820 Est
479 755 564 818 mihi
583 776 649 818 nox
669 755 784 818 multis
805 755 994 837 evigilanda
1013 756 1123 820 malis.

268 898 298 934 es
354 871 443 935 Dum
463 872 549 934 mihi
568 874 744 934 venturam
762 870 863 952 fingo,
884 871 1115 953 quodcumque
1134 876 1297 947 movetur,

401 987 497 1050 illius
517 985 613 1050 oredo
633 991 713 1049 tuno
734 986 889 1049 sonuisse
909 986 1040 1067 pedes.»

355 1101 505 1166 Desistas
524 1103 710 1177 lacrimare,
730 1121 833 1184 puer:
853 1121 923 1164 non
943 1103 1108 1184 frangitur
1125 1103 1194 1183 illa,

398 1217 442 1280 Et
460 1220 519 1280 tua
538 1218 606 1280 iam
626 1215 707 1280 fletu
726 1217 857 1280 lumina
877 1218 966 1280 fessa
985 1222 1124 1283 tument

355 1332 513 1409 Oderunt,
534 1332 670 1406 Pholoe,
691 1352 822 1408 moneo,
844 1333 980 1397 fastidia
1001 1332 1077 1408 divi,

268 1475 299 1512 70
400 1448 467 1511 Nee
485 1448 623 1531 prodest
641 1449 765 1511 sanetis
784 1454 861 1512 tura
880 1447 1010 1513 dedisse
1030 1449 1122 1513 focis.

354 1563 419 1626 Hio
438 1561 612 1628 Marathus
632 1562 801 1645 quondam
820 1563 962 1628 miseros
981 1564 1118 1627 ludebat
1137 1568 1298 1640 amantes,

401 1679 539 1742 Nescius
559 1679 706 1743 ultorem
724 1683 801 1759 post
821 1683 921 1761 eaput
943 1700 1015 1744 esse
1034 1679 1153 1744 deum:

356 1793 451 1875 Saepe
472 1795 573 1858 etiam
591 1795 748 1858 lacrimas
767 1796 873 1858 fertur
893 1795 1007 1859 risisse
1027 1796 1172 1859 dolentis

401 1908 445 1972 Et
463 1908 621 1991 cupidum
640 1908 718 1972 fieta
736 1909 922 1974 detinuisse
941 1931 1055 1974 mora:

270 2050 299 2088 rs
356 2023 452 2088 Nune
472 2045 588 2089 omnes
609 2025 680 2089 odit
698 2028 816 2104 fastus,
838 2047 928 2090 nuno
948 2026 1102 2109 displicet
1121 2028 1181 2102 illi,

402 2139 626 2222 Quaecumque
647 2143 801 2223 opposita
822 2145 872 2206 est
892 2143 994 2206 ianua
1014 2142 1096 2206 dura
1116 2163 1198 2208 sera.

356 2253 398 2318 At
417 2258 450 2318 te
469 2276 569 2338 poena
588 2260 710 2332 manet,
732 2259 767 2319 ni
789 2257 914 2320 desinis
934 2278 1007 2321 esse
1024 2259 1176 2339 superba.

402 2369 510 2448 Quam
530 2371 644 2450 oupies
664 2371 750 2434 votis
770 2372 859 2435 huno
880 2391 1034 2435 revooere
1054 2372 1162 2435 diem!

840 2689 897 2755 III.

357 2832 444 2912 Quid
462 2831 556 2907 mihi,
578 2833 606 2896 si
626 2834 736 2896 fueras
757 2834 898 2897 miseros
918 2817 1058 2898 laesurus
1079 2857 1218 2911 amores,

400 2946 538 3011 Foedera
557 2947 739 3028 perditos,
762 2948 848 3011 olam
867 2949 1033 3024 violanda,
1055 2949 1186 3014 dabas?

261 3059 264 3066 “
355 3063 515 3139 Amison
536 3066 569 3125 et
588 3064 617 3125 si
636 3063 710 3144 quis
730 3064 838 3144 primo
859 3064 1006 3143 periuria
1026 3066 1120 3140 celat,
1160 3081 1162 3084 ·

400 3175 481 3242 Sera
500 3181 613 3240 tamen
633 3178 743 3240 tacitis
763 3177 865 3240 Poena
884 3179 977 3242 venit
994 3179 1145 3260 pedibus.

283 3321 297 3358 s
356 3293 495 3368 Parcite,
517 3293 683 3357 caelestes:
704 3314 836 3375 aequum
857 3298 907 3357 est
924 3295 1063 3377 impune
1083 3296 1184 3360 liuere

399 3408 545 3471 Numina
564 3408 720 3471 formosis
739 3408 857 3471 laedere
877 3415 987 3473 vestra
1007 3411 1120 3476 semel.

355 3523 463 3587 Luora
482 3523 599 3604 petens
619 3523 724 3587 habili
743 3528 857 3586 tauros
878 3524 1029 3606 adiungit
1049 3529 1158 3588 aratro

399 3638 443 3701 Et
462 3637 581 3702 durum
601 3642 696 3701 terrae
717 3641 860 3703 rusticus
879 3646 976 3722 urget
996 3660 1099 3722 opus;

355 3751 466 3816 Luora
484 3755 654 3833 petituras·
669 3754 753 3816 freta
771 3774 832 3835 per
849 3755 1003 3835 parentia
1022 3757 1132 3819 ventis

270 3899 299 3936 10
400 3867 536 3931 Duount
556 3867 730 3931 instabiles
751 3869 860 3932 sidera
879 3874 969 3933 serta
988 3875 1096 3934 rates:

354 3981 552 4047 Muneribus
572 4005 667 4047 meus
688 3989 738 4048 est
758 3989 874 4066 eaptus
894 4007 985 4067 puer.
1006 3987 1049 4050 At
1069 3987 1150 4050 deus
1170 3987 1229 4050 illa

400 4097 441 4162 In
461 4101 608 4164 cinerem
629 4105 661 4163 et
680 4101 825 4182 liquidas
844 4122 985 4165 munera
1003 4105 1111 4164 vertat
1131 4122 1242 4183 aquas.

355 4216 427 4279 Iam
447 4215 532 4278 mihi
551 4216 718 4296 persolvet
737 4237 862 4297 poenas,
884 4217 1060 4298 pulvisque
1079 4218 1231 4281 decorem
