3306 4896
300 410 334 463 11
825 433 848 476 1.
869 431 895 477 3.

199 696 201 704 y
389 610 453 672 Illa
472 611 530 672 tua
549 607 674 671 totiens
693 628 758 672 aera
778 609 913 690 repulsa
931 629 1044 685 manu,

261 755 287 792 a
346 726 482 804 Quidve,
503 725 557 806 pie
578 724 657 787 dum
677 743 770 787 00000
790 724 881 801 eolis,
902 744 1050 808 pureque
1068 724 1173 788 lavari

388 840 433 903 Te
452 876 496 884 -—
514 839 718 902 memini-
738 842 771 902 01
789 859 873 921 puro
894 839 1085 904 secubuisse
1104 842 1202 903 toro?

344 955 448 1026 Nune,
470 955 540 1028 dea,
562 975 652 1018 nune
673 975 826 1018 succurre
846 956 950 1021 mihi:
970 976 1051 1019 nam
1069 976 1168 1038 posse
1187 956 1314 1020 mederi

388 1070 480 1134 Pieta
499 1069 595 1134 docet
613 1070 749 1151 templis
768 1069 880 1159 multu¹
895 1070 1020 1133 tabella
1039 1070 1126 1134 tuis:
1237 1077 1239 1081 ’

343 1187 387 1253 111
406 1207 481 1251 mea
500 1187 628 1252 votivas
647 1185 842 1268 persolvens
861 1186 959 1249 Delie
976 1206 1075 1250 voees

259 1334 287 1370 00
386 1303 472 1367 Ante
492 1322 602 1367 saeras
621 1303 692 1367 lino
712 1303 907 1366 testatores
927 1302 1050 1377 sedeat,

342 1417 464 1500 Bisque
484 1416 537 1480 die
556 1418 705 1481 resoluta
724 1436 837 1480 eomas
856 1417 918 1480 tibi
937 1417 1045 1481 disere
1064 1418 1181 1482 laudes

386 1532 534 1614 Insignis
553 1534 651 1597 turba
670 1532 789 1596 debeat
808 1534 845 1596 in
863 1533 995 1596 Pharia.

341 1649 384 1712 At
402 1650 486 1713 mihi
506 1650 680 1732 contingat
699 1651 825 1731 patrios
845 1649 1012 1713 celebrare
1032 1650 1174 1712 Penates
1205 1706 1208 1716 .

386 1763 600 1846 Reddereque
620 1765 758 1847 antiquo
778 1770 951 1828 menstrua
968 1767 1045 1828 lura
1063 1763 1151 1827 Lari.

257 1912 285 1949 aa
342 1879 450 1958 Quam
469 1882 554 1944 bene
574 1880 717 1960 Saturno
738 1879 894 1944 vivebant
913 1899 998 1960 rege,
1019 1879 1112 1961 prius
1133 1898 1232 1961 qnam

386 1995 498 2060 Tellus
517 1999 553 2060 in
572 1998 691 2080 longas
711 2002 762 2061 est
779 1998 947 2079 patefacta
965 1996 1055 2059 vius!

341 2111 498 2175 Nondum
517 2113 674 2176 caeruleas
692 2114 793 2195 pinus
813 2111 1053 2177 conscenderat
1071 2109 1190 2184 undas,

385 2225 537 2290 Effusum
557 2228 665 2292 ventis
684 2228 935 2310 praebueratque
956 2225 1078 2299 sinum,

340 2342 407 2406 Nee
425 2363 528 2424 vagus
548 2345 672 2424 ignotis
691 2348 845 2425 repetens
865 2342 1063 2424 aompendia
1081 2341 1179 2404 terris

257 2491 285 2528 ro
385 2458 553 2523 Presserat
573 2465 709 2523 externa
727 2459 843 2523 navita
862 2478 970 2521 meree
990 2463 1105 2520 ratem.

339 2573 403 2637 1110
422 2595 493 2639 non
512 2575 643 2639 validus
664 2574 766 2639 subiit
784 2575 862 2655 iuga
881 2577 1030 2656 tempore
1050 2576 1174 2648 taurus,

385 2690 458 2753 Non
479 2689 605 2754 domito
625 2692 738 2754 frenos
758 2711 814 2754 000
833 2689 1015 2753 momordit
1035 2707 1149 2770 equae,

339 2805 415 2868 Non
434 2805 553 2870 domus
572 2806 643 2869 ulla
660 2807 750 2870 fores
770 2805 896 2880 habuit,
917 2825 988 2868 non
1006 2802 1090 2867 fixus
1110 2803 1146 2866 in
1166 2803 1266 2884 agris,

385 2921 449 3000 Qui
467 2925 594 3004 regeret
613 2922 711 2986 000110
730 2920 853 2984 finibus
874 2940 961 2994 arva,
982 2920 1078 3000 lapis.

255 3069 283 3106 aa
339 3035 424 3118 Ipsae
444 3037 545 3100 mella
565 3037 689 3101 dabant
709 3056 858 3119 quereus,
879 3036 1033 3119 ultroque
1053 3035 1221 3098 ferebant*

385 3150 489 3216 Obvia
510 3154 633 3216 securis
653 3154 756 3217 ubera
773 3153 870 3216 laetis
890 3172 977 3215 oves.

339 3269 413 3332 Non
434 3269 530 3344 acies,
550 3289 620 3332 non
639 3269 690 3331 ira
709 3270 782 3343 fuit,
802 3289 871 3331 non
891 3267 989 3343 bella,
1010 3287 1072 3330 nee
1091 3287 1206 3330 ensem

383 3384 511 3448 Immiti
532 3404 636 3447 saevus
657 3383 795 3447 duxerat
814 3387 884 3447 arte
904 3383 1004 3446 faber.

338 3501 434 3564 Nune
452 3501 530 3562 Iove
550 3499 610 3562 sub
630 3499 767 3562 domino
787 3499 892 3562 eaedes
913 3502 946 3561 01
964 3499 1103 3561 vulnera
1124 3518 1266 3579 semper,

254 3647 283 3684 so
382 3615 479 3679 Nune
498 3635 599 3689 mare,
621 3635 710 3677 nune
732 3615 787 3677 leti
809 3615 901 3677 mille
922 3618 1058 3696 repente
1077 3614 1147 3677 viae.
1206 3641 1208 3646 ·

338 3731 449 3807 Parae,
469 3733 571 3812 puter.
594 3730 761 3793 Timidum
780 3751 851 3793 non
869 3750 923 3792 me
943 3729 1091 3810 periuria
1109 3734 1244 3805 terrent,

384 3846 459 3910 Non
478 3846 567 3908 (11010
585 3845 622 3908 in
642 3851 774 3910 00000100
794 3847 899 3928 impia
917 3845 1018 3909 verba
1038 3845 1127 3908 deos.

339 3960 435 4040 Quod
455 3960 483 4023 si
503 3961 621 4024 fatales
641 3962 708 4023 iam
728 3981 817 4025 nune
838 3962 1041 4044 explevimus
1061 3979 1179 4033 annos,

383 4076 450 4138 Fae
468 4075 556 4157 lapis
575 4077 747 4159 inscriptis
768 4082 832 4140 0101
852 4096 951 4158 super
971 4095 1046 4138 0000
1064 4076 1174 4138 netis:

254 4225 281 4261 aa
311 4201 314 4208 '
343 4194 426 4256 «Hie
445 4194 531 4257 iacet
548 4193 672 4256 immiti
692 4197 909 4274 consumptus
928 4194 1034 4254 0000010
1054 4190 1220 4265 Tibullus„
