3306 4896
329 476 368 529 30
861 497 884 541 1.
901 496 928 543 a.

378 673 445 736 Noc
465 671 561 736 docet
580 673 644 737 hoo
663 691 791 750 omnes,
813 670 872 737 sed
891 692 975 755 quos
994 692 1056 737 nec
1074 673 1197 737 inertia
1215 673 1332 748 tardat,

421 787 489 852 Nec
507 791 598 852 vetat
617 783 758 851 obscura
778 807 912 870 surgere
931 791 1030 851 nocte
1050 789 1160 852 timor.

274 930 306 968 25
375 901 429 965 En
448 921 509 984 ego
529 920 606 965 oum
624 901 773 966 tenebris
793 904 865 965 tota
883 922 987 984 vagor
1006 903 1124 966 anxius
1143 903 1233 980 urbe,

275 1159 323 1197 aaa
376 1131 443 1197 Nec
463 1133 543 1197 sinit
563 1135 715 1197 occurrat
734 1131 920 1213 quisquam,
943 1133 1000 1214 qui
1020 1153 1161 1216 corpora
1180 1135 1266 1198 ferro

421 1247 583 1312 Vulnerat
602 1252 661 1312 aut
679 1253 775 1331 rapta
793 1250 933 1330 praemia
951 1253 1044 1314 veste
1062 1254 1162 1332 petat.

377 1363 536 1446 Quisquis
557 1385 669 1429 amore
689 1369 831 1442 tenetur,
854 1370 908 1429 eat
927 1370 1085 1449 tutusque
1105 1386 1262 1449 sacerque

423 1480 597 1560 Qualibet:
617 1481 758 1544 insidias
778 1501 848 1544 non
867 1481 1020 1545 timuisse
1041 1481 1142 1547 decet.

376 1596 452 1661 Non
470 1596 556 1659 mihi
573 1596 669 1680 pigra
687 1601 812 1660 nocent
830 1596 979 1660 hibernas
999 1598 1123 1678 frigora
1141 1599 1260 1674 noctis,

421 1710 496 1775 Non
515 1710 609 1784 mihi,
631 1730 707 1773 cum
726 1710 833 1773 multa
852 1710 976 1775 decidit
994 1711 1101 1776 imber
1121 1734 1216 1795 aqua.

375 1827 450 1892 Non
468 1826 563 1890 labor
581 1827 635 1889 hic
653 1825 753 1901 laedit,
775 1830 899 1889 reseret
917 1827 1018 1892 modo
1037 1828 1134 1892 Delia
1153 1831 1267 1910 postes

422 1942 464 2005 Et
483 1944 580 2006 vocet
599 1941 639 2003 ad
659 1939 754 2021 digiti
773 1962 826 2004 me
846 1943 1014 2005 taciturna
1035 1963 1164 2006 sonum.

378 2057 507 2121 Parcite
527 2055 723 2132 luminibus,
746 2076 805 2120 seu
823 2058 874 2119 vir
894 2077 953 2120 seu
973 2058 1099 2120 femina
1117 2056 1175 2121 fiat

423 2171 547 2237 Obvia:
567 2172 668 2235 celari
686 2173 759 2235 vult
778 2192 838 2236 sua
858 2173 947 2236 furta
965 2171 1088 2236 Venus.

378 2288 451 2351 Neu
470 2287 612 2369 strepitu
630 2290 752 2351 terrete
772 2286 906 2369 pedum,
927 2308 995 2352 neu
1014 2288 1151 2370 quaerite
1170 2308 1305 2366 nomen,

423 2406 495 2469 Neu
513 2424 618 2486 prope
639 2404 781 2484 fulgenti
800 2404 932 2468 lumina
951 2405 1033 2467 ferte
1055 2405 1136 2467 face.

377 2518 413 2584 Si
433 2521 507 2602 quis
528 2524 561 2583 et
579 2518 775 2600 imprudens
796 2520 970 2601 aspexerit,
992 2521 1122 2584 occulat
1139 2519 1195 2582 ille

421 2636 548 2717 Perque
567 2634 647 2698 dcos
667 2654 783 2698 omnes
804 2654 838 2698 se
858 2635 1052 2699 meminisse
1073 2639 1190 2717 neget:

376 2751 460 2815 Nam
481 2752 582 2814 fuerit
601 2749 801 2832 quicumque
819 2751 949 2831 loquax,
971 2751 1000 2814 is
1020 2751 1184 2831 sanguine
1204 2753 1327 2817 natam.

423 2866 456 2931 Is
474 2865 640 2930 Venerem
660 2887 677 2929 e
697 2863 813 2929 rabido
834 2865 956 2928 sentiet
977 2885 1049 2928 esse
1068 2864 1163 2929 mari.

377 2983 406 3045 N
410 3003 445 3047 ec
464 2987 580 3047 tamen
598 2982 676 3045 huic
696 2981 808 3044 credet
827 2981 974 3044 coniunx
991 2986 1080 3058 tuus,
1101 2984 1139 3044 ut
1156 2981 1243 3043 mihi
1261 3000 1360 3044 verax

422 3096 575 3163 Pollicita
595 3100 645 3160 est
663 3096 791 3176 magico
813 3115 892 3177 saga
911 3095 1107 3158 ministerio.

377 3213 474 3277 Hanc
495 3232 555 3293 ego
575 3212 615 3274 de
635 3212 714 3274 caclo
734 3211 911 3273 ducentem
931 3211 1040 3274 sidera
1057 3211 1135 3286 vidi,

422 3328 591 3392 Fluminis
609 3327 680 3390 haec
699 3326 808 3408 rapidi
828 3327 975 3388 carmine
994 3327 1095 3390 vertit
1118 3327 1186 3402 ter,

377 3445 457 3508 Haec
477 3447 579 3507 cantu
596 3442 759 3524 finditque
780 3442 889 3506 solum
908 3461 1090 3523 manesque
1111 3442 1272 3523 sepulcris

422 3560 523 3623 Elicit
543 3561 575 3621 et
593 3557 708 3639 tepido
728 3557 867 3621 devocat
886 3576 962 3619 ο111
981 3575 1082 3638 rogo:

379 3675 452 3739 Iam
470 3677 565 3738 tenet
581 3673 732 3736 infernas
751 3675 881 3755 magico
902 3674 1042 3737 stridore
1063 3677 1221 3741 catervas.

423 3791 495 3854 Iam
515 3790 608 3853 iubet
628 3810 780 3871 aspersas
800 3791 885 3854 laete
905 3791 1026 3852 referre
1047 3789 1176 3871 pedem.

380 3905 464 3970 Cum
483 3905 575 3983 libet,
596 3907 667 3968 haec
685 3905 773 3968 tristi
794 3905 928 3969 deducit
946 3904 1063 3967 nubila
1082 3906 1183 3970 caelo:

423 4020 507 4086 Cum
526 4023 616 4096 libet,
639 4022 753 4086 aestivo
773 4024 934 4086 convocat
954 4021 1031 4085 orbe
1050 4022 1156 4086 nives.

379 4134 458 4199 Sola
477 4140 591 4199 tenere
610 4136 717 4199 malas
735 4135 862 4199 Medeae
882 4135 1003 4198 dicitur
1022 4135 1154 4212 herbas,

424 4249 504 4313 Sola
522 4251 610 4314 feros
629 4249 764 4314 Hecatae
784 4249 1014 4331 perdomuisse
1034 4270 1143 4314 canes.
