3306 4896
730 443 752 487 1.
775 442 799 486 1.

244 617 340 699 Agna
358 619 454 682 cadet
472 618 576 690 vobis,
599 638 699 700 quarn
719 619 844 680 circum
864 619 989 681 rustica
1008 619 1114 700 pubes

289 734 437 798 Clamet:
463 734 666 796 «Iomesses
686 739 719 794 et
738 734 826 796 bona
845 733 925 796 vina
945 732 1049 797 date.»

243 848 308 912 Hie
327 846 426 914 niodo
446 850 514 913 iam
534 849 662 930 possim
681 853 859 911 contentus
878 850 988 912 vivere
1008 869 1110 931 parvo

287 965 353 1030 Nec
374 985 505 1047 semper
523 967 632 1046 longae
652 964 784 1028 deditus
805 985 876 1028 esse
898 967 967 1040 viae,

244 1078 309 1145 Sed
329 1080 430 1146 Canis
450 1081 583 1143 aestivos
604 1085 696 1143 ortus
716 1081 821 1143 vitare
841 1079 902 1142 sub
922 1079 1041 1143 umbra

288 1197 424 1260 Arboris
444 1196 486 1259 ad
506 1197 594 1260 rivos
613 1196 845 1276 praetereuntis
866 1215 968 1276 aquae.

244 1311 310 1378 Nec
331 1318 445 1378 tamen
465 1312 635 1377 interdum
654 1311 778 1394 pudeat
799 1311 948 1375 tenuisse
969 1310 1138 1374 bidentem

289 1433 355 1494 Aut
374 1429 511 1493 stimulo
531 1428 645 1491 tardos
664 1429 871 1509 increpuisse
891 1425 1002 1500 boves,

243 1545 319 1610 Non
339 1564 501 1627 agnamve
521 1544 599 1607 sinu
618 1543 731 1624 pigeat
751 1543 896 1605 fetumve
916 1541 1051 1622 capellae

288 1661 464 1726 Desertum
486 1661 590 1724 oblita
608 1663 716 1722 matre
736 1660 858 1721 referre
879 1658 1025 1720 domum.

246 1779 288 1840 At
306 1798 366 1841 vos
386 1778 504 1858 exiguo
523 1777 645 1859 pecori,
666 1776 822 1856 furesque
842 1774 990 1854 lupique,

288 1893 436 1958 Parcite:
456 1893 496 1955 de
516 1912 638 1972 magno
660 1894 710 1954 est
728 1891 840 1973 praeda
860 1889 1003 1972 pelenda
1022 1910 1129 1971 grege.

244 2007 308 2072 Hic
329 2029 388 2090 ego
408 2012 644 2091 pastoremque
663 2028 776 2071 meum
796 2008 938 2072 lustrare
958 2007 1139 2090 quotannis

289 2124 332 2187 Et
350 2124 518 2206 placidam
538 2124 628 2186 soleo
650 2143 805 2205 spargere
825 2124 910 2186 lacte
931 2124 1054 2187 Palem.

245 2240 380 2314 Aesius,
401 2240 481 2314 divi,
503 2259 564 2302 nec
582 2260 642 2303 vos
662 2240 702 2302 de
721 2259 868 2321 paupere
888 2259 1006 2302 mensa

288 2355 387 2419 Dona
406 2375 467 2419 nec
487 2377 504 2420 e
525 2356 618 2436 puris
639 2357 786 2437 spernite
804 2354 973 2418 fictilibus.

243 2470 377 2534 Fictilia
396 2471 554 2553 antiquus
574 2471 719 2550 primum
741 2471 805 2533 sibi
824 2472 902 2534 fecit
922 2471 1061 2552 agrestis

288 2586 421 2661 Pocula,
442 2586 482 2649 de
502 2586 592 2649 facili
612 2589 865 2668 composuitque
885 2588 966 2649 luto.

243 2699 319 2764 Non
338 2721 399 2782 ego
420 2702 554 2765 divitias
573 2706 706 2783 patrum
726 2703 918 2785 fructusque
938 2703 1079 2782 require,

290 2817 380 2896 Quos
400 2817 479 2880 tulit
499 2818 637 2898 antiquo
657 2816 792 2880 condita
811 2818 931 2880 messis
951 2837 1033 2880 avo:

243 2931 349 2995 Parva
369 2952 462 3012 seges
482 2933 564 2995 satis
585 2936 644 3008 est,
665 2935 737 2995 tuto
758 2933 963 3012 requiescere
982 2932 1068 2995 lecto

289 3045 421 3110 silicet
441 3050 475 3111 et
494 3047 593 3110 solito
613 3048 763 3110 membra
781 3048 892 3111 levare
912 3052 994 3112 toro.

244 3160 353 3239 Quam
372 3162 464 3225 iuvat
485 3163 631 3225 immites
651 3167 769 3226 ventos
790 3165 904 3227 audire
924 3165 1101 3228 cubantem

287 3276 330 3338 Et
349 3275 521 3339 dominam
541 3285 655 3341 tenero
675 3280 882 3342 continuisse
902 3279 987 3353 sino,

242 3392 309 3456 Aut
328 3393 455 3473 gelidas
474 3393 634 3457 hibernus
656 3414 758 3475 equas
778 3414 854 3457 cum
873 3395 995 3457 fuderit
1015 3401 1137 3473 auster,

291 3508 451 3573 Securum
473 3531 610 3575 somnos
630 3511 734 3575 imbre
754 3513 889 3576 iuvante
910 3513 1022 3594 sequi!

243 3623 317 3689 Hoo
335 3626 420 3688 mihi
440 3627 632 3706 contingat:
653 3628 696 3690 sit
716 3627 808 3691 dives
828 3630 908 3703 iure,
931 3630 1078 3691 furorem

289 3740 352 3819 Qui
372 3743 474 3805 maris
496 3745 528 3804 et
547 3742 659 3805 tristes
679 3745 763 3807 ferre
783 3749 893 3824 potest
912 3744 1053 3827 pluvias.

244 3851 270 3917 0
291 3859 453 3938 quantum
474 3860 524 3919 est
543 3859 617 3920 auri
634 3863 750 3940 pereat
769 3860 946 3941 potiusque
967 3859 1144 3940 smaragdi,

289 3970 397 4049 Quam
415 3971 494 4036 fleat
514 3973 555 4035 ob
574 3979 706 4038 nostras
726 3975 796 4038 ulla
814 3973 927 4056 puella
946 3977 1026 4038 vias.

243 4081 287 4148 Te
306 4084 431 4149 bellare
451 4086 545 4150 decet
563 4092 662 4166 terra,
681 4087 850 4164 Messalla,
871 4091 1030 4172 marique,

287 4199 332 4265 Ut
351 4200 471 4264 domus
490 4202 630 4267 hostiles
648 4205 804 4286 praeferat
824 4206 977 4268 exuvias:
