3268 4896
286 398 337 452 104
704 421 747 465 nn
762 421 785 466 1.
805 419 846 477 10,
866 418 991 466 ss-es.

330 599 369 663 V.
390 598 531 663 33—38.
558 595 643 675 Quis
661 596 763 682 furor
780 599 840 676 est,
861 599 900 660 ut
922 597 1012 660 infra
1031 596 1086 661 IV.
1101 597 1131 676 3,
1147 599 1186 662 7:
1203 597 1305 678 «Quis
1324 599 1418 662 furor

285 717 344 788 est,
375 733 447 794 quae
475 731 604 776 mens».
625 749 670 756 —
689 715 805 777 atram
825 757 834 776 .
854 761 862 775 .
883 759 890 774 .
911 715 1066 790 mortem,
1100 715 1138 774 ut
1166 711 1189 776 I.
1214 713 1242 786 3,
1264 714 1303 776 5:
1335 712 1416 776 «Ab-

289 830 426 905 stineas,
447 828 540 892 Mors
560 831 640 902 stra,
661 849 810 911 precor».
832 866 876 873 —
898 827 995 894 bellis
1015 847 1185 895 arcessere
1204 832 1360 907 mertare,
1380 835 1419 892 ut

285 943 410 1008 Lucan.
440 942 512 1007 VII.
543 945 627 1008 757:
652 945 777 1008 «fatum
805 944 962 1008 arcessite
993 945 1114 1008 ferro».
1136 981 1180 987 -
1200 940 1360 1010 Immireet
1389 945 1420 1008 et

286 1058 389 1124 tacito
418 1058 509 1124 etam
537 1060 629 1125 verrit
657 1058 721 1125 illa
745 1057 841 1144 pede,
873 1062 912 1123 ut
932 1059 988 1125 Or.
1010 1059 1107 1124 Trist.
1128 1060 1187 1124 ΙΙΙ.
1210 1064 1239 1137 7.
1262 1063 1416 1126 35-361

290 1177 472 1250 «senectus,
506 1174 585 1255 Quae
618 1175 797 1257 strepitum
828 1195 931 1257 passu
960 1196 1031 1239 non
1065 1177 1208 1238 faciente
1239 1176 1350 1239 venit»
1386 1178 1419 1237 et

286 1289 323 1351 A.
345 1288 445 1352 A.11.
468 1290 552 1354 6701
578 1289 669 1352 «Iam
688 1290 801 1353 veniet
828 1291 931 1353 taeito
952 1310 1053 1354 ourva
1074 1294 1208 1354 senecta
1236 1289 1353 1372 pede».
1373 1326 1419 1333 -

285 1404 393 1489 infra,
423 1425 466 1468 so.
499 1405 533 1467 in
558 1404 653 1469 Oreo.
674 1441 718 1449 —
738 1403 860 1471 audere
890 1403 1068 1482 Cerberus,
1099 1405 1273 1487 epitheton
1302 1409 1418 1486 aptum

286 1521 372 1596 oeni,
403 1523 441 1583 ut
469 1520 565 1603 Prop.
597 1521 638 1586 H.
663 1524 712 1594 19,
734 1523 797 1585 70:
822 1521 983 1585 «audaces
1014 1523 1087 1606 ipse
1115 1542 1255 1586 monere
1284 1541 1416 1585 canes».

287 1635 335 1700 Cf.
358 1633 438 1699 Stat.
461 1636 560 1701 Theb.
583 1637 636 1700 vl
658 1639 733 1702 476.
754 1637 796 1701 de
816 1637 978 1703 Cerbero:
1003 1640 1145 1703 «ianitor
1174 1643 1253 1702 atrse
1272 1639 1418 1721 Impavi-

286 1751 349 1815 dus
368 1752 524 1816 Lethes».
546 1789 590 1796 —
610 1750 739 1840 Stygiae
758 1755 878 1822 reaeita
899 1755 1010 1839 turpis
1030 1774 1140 1839 aqam,
1165 1754 1319 1831 Charon;
1341 1755 1417 1817 tue·-

281 1866 352 1950 pe's‚
382 1869 420 1928 ut
439 1867 534 1949 Verg.
556 1867 639 1932 Aen.
659 1868 713 1933 VI.
737 1872 811 1934 298.
834 1891 924 1953 sqq.:
949 1871 1114 1935 «Portitor
1141 1873 1203 1936 has
1231 1869 1419 1934 horrendus

288 2003 392 2066 aquas
413 1988 445 2046 et
465 1983 607 2049 flumina
627 1989 736 2048 servat
755 1986 909 2050 Terribili
933 1987 1087 2069 squalore
1108 1984 1251 2062 Charon,
1272 1986 1326 2048 eui
1344 1986 1418 2067 plu·

287 2098 373 2161 rima
402 2102 516 2163 mento
537 2098 686 2162 Canities
714 2100 842 2163 inculta
869 2100 964 2175 iacet,
994 2103 1086 2164 stant
1112 2100 1244 2163 lumina
1272 2099 1418 2166 flamma.

290 2213 451 2279 Sordidus
473 2236 511 2278 ex
529 2215 656 2278 umeris
676 2215 765 2280 nodo
786 2215 952 2298 dependet
971 2217 1113 2281 amiotus
1121 2241 1132 2274 r
1139 2239 1147 2291 ;
1167 2217 1262 2297 Prop.
1285 2215 1342 2280 HI.
1367 2216 1417 2286 18,

293 2332 354 2394 74:
379 2329 596 2395 «Soandenda
617 2337 666 2394 est
686 2333 773 2398 torvi
802 2333 938 2414 publiea
966 2334 1084 2418 cymba
1113 2334 1237 2407 senis»;
1258 2333 1327 2396 Iuv.
1351 2329 1418 2395 Sat.

286 2447 344 2510 HL
368 2449 442 2512 765.
464 2448 678 2513 demortuo:
704 2449 795 2512 olam
824 2449 916 2514 sedet
945 2449 980 2513 in
1009 2451 1083 2530 ripa
1103 2454 1302 2531 taetrumque
1326 2449 1419 2511 novi-

287 2563 360 2625 eius
380 2565 494 2628 horret
513 2562 726 2627 Porthmos».
747 2601 791 2607 -
807 2564 1040 2650 perfossisque
1068 2564 1165 2647 petris
1193 2566 1418 2647 131111111-

284 2678 382 2762 pr‘llO,
415 2679 595 2742 eredebant
633 2680 732 2744 multi
763 2681 904 2762 vestigia
937 2681 1027 2762 ignis
1062 2680 1244 2762 oonspieua
1279 2699 1352 2742 esse
1386 2678 1422 2740 in

287 2793 416 2857 umbris
435 2799 647 2858 mortuorum
665 2798 909 2872 crematorum3
930 2797 970 2858 ef.
992 2795 1088 2878 Prop.
1109 2794 1163 2859 IV.
1187 2797 1215 2870 7,
1238 2797 1358 2860 9—18.
1380 2795 1421 2859 de

287 2912 406 2974 umbra
426 2911 597 2992 Cynthiae:
622 2912 739 2975 «lateri
758 2913 861 2974 vestis
882 2911 1001 2976 adusta
1021 2914 1084 2976 fuit
1096 2913 1139 2976 Et
1158 2913 1297 2977 solitum
1316 2912 1421 2994 digito

289 3026 443 3107 beryllon
462 3024 620 3089 adederat
638 3027 757 3107 ignis».
773 3064 817 3070 ——
835 3026 1072 3112 perfossisque
1091 3027 1201 3114 gerris,
1220 3027 1330 3090 caveis
1344 3046 1421 3088 111-

287 3140 399 3203 lorum
428 3139 568 3215 effossis
599 3141 619 3202 1.
643 3162 668 3204 e.
692 3142 797 3204 oeulis
828 3141 906 3223 igne
939 3142 1010 3222 rogi
1042 3141 1176 3204 exustis.
1208 3140 1422 3205 Contrarium

289 3255 370 3318 dicit
403 3256 500 3337 Prop.
536 3255 590 3320 IV.
628 3259 657 3330 7,
692 3258 789 3320 7-8.
824 3257 865 3319 de
899 3257 1046 3339 imagine
1083 3256 1234 3338 Cynthiae
1260 3259 1421 3320 mortuae:

293 3371 457 3438 «Eosdem
475 3372 595 3434 habuit
614 3392 735 3448 seeum,
758 3374 878 3455 quibus
908 3377 958 3437 est
977 3375 1076 3449 elata,
1104 3372 1256 3453 capillos,
1276 3371 1422 3435 Eosdem

290 3491 427 3554 oeulos:
446 3489 545 3553 lateri
564 3490 666 3553 vestis
688 3491 807 3554 adusta
826 3491 920 3554 fuit».
943 3489 1097 3554 Ceterum
1113 3488 1352 3574 perfossisque
1372 3489 1423 3549 est

289 3605 484 3669 coniectura
503 3625 598 3681 mea3
619 3607 658 3668 ol.
680 3606 770 3668 intra
790 3604 864 3668 adn
887 3605 958 3668 erit.
979 3605 1021 3667 ad
1041 3605 1072 3667 h.
1094 3605 1117 3666 l.
1136 3641 1180 3647 —
1197 3602 1304 3687 gerris,
1328 3622 1423 3683 genae

289 3724 354 3785 hoo
373 3719 449 3784 loeo
470 3739 588 3784 caveas
608 3721 782 3784 oculorum
802 3718 1003 3801 significant,
1025 3721 1063 3782 ut
1083 3718 1179 3798 Prop.
1201 3717 1260 3780 ΠΙ.
1286 3718 1345 3789 11.
1360 3718 1422 3779 76:

294 3835 510 3917 «Exustaeque
541 3839 606 3898 tuae
641 3855 728 3911 mox,
762 3835 978 3916 Polypheme,
1010 3833 1180 3915 gemeret
1209 3830 1263 3893 IV.
1296 3832 1326 3903 5,
1363 3831 1423 3893 16:

296 3949 493 4014 «Cornioum
521 3951 708 4014 immeritas
739 3951 824 4014 eruit
852 3970 965 4030 ungue
993 3970 1130 4031 genesta
1150 3947 1208 4013 Ov.
1230 3945 1309 4012 Met.
1330 3946 1421 4012 XIH.

291 4067 490 4130 561—5622
522 4065 662 4148 «digitos
693 4066 730 4128 in
760 4064 887 4147 perfide
917 4065 1048 4127 lumina
1079 4063 1194 4126 condit
1223 4063 1424 4147 Expilatque

289 4182 386 4265 genis
411 4184 543 4246 oeulos»
568 4186 602 4247 et
630 4182 680 4245 Ex
698 4182 793 4245 Pont
814 4181 856 4246 IL
879 4183 910 4259 8,
931 4183 993 4246 661
1018 4180 1077 4242 «Et
1106 4177 1217 4261 patiar
1243 4178 1344 4240 fossis
1372 4177 1426 4240 lu·
