3268 4896
626 471 669 515 nn
685 472 707 516 1.
728 469 769 530 10,
790 469 914 517 13-18.
1286 451 1334 504 ¹⁰¹

204 646 284 710 Hor.
307 646 374 712 Sat.
395 646 420 710 L
443 649 473 723 6,
498 648 682 711 117-118.
703 648 739 710 in
759 647 984 730 descriptione
1002 669 1128 712 menses
1148 667 1236 714 suae:
1261 649 1335 712 lad-

204 765 271 826 stat
290 759 430 825 echinus
442 762 536 838 Vilis,
551 783 628 826 cum
640 765 756 845 patera
768 765 892 843 guttus
907 761 1079 844 Campana
1096 765 1277 846 supellex».
1291 801 1336 810 -

203 876 283 944 Non
312 896 417 957 creec,
447 897 519 944 ecca
546 878 660 945 uultus
690 881 774 957 crat,
803 882 841 942 ut
869 878 927 943 Ov.
947 879 1026 943 Met
1048 878 1073 942 L
1096 880 1147 943 97.
1169 879 1209 944 de
1237 883 1335 944 aetate

205 1013 323 1058 aurea:
348 993 524 1058 «Nondum
555 995 744 1077 praecipites
768 994 947 1076 cingebant
982 995 1105 1078 oppida
1140 997 1269 1060 fossae».
1290 1033 1336 1041 —-

203 1130 429 1196 somnumque
444 1111 582 1195 petebat
603 1107 750 1176 Securus
769 1129 911 1194 sparsus
930 1110 1005 1176 duc
1016 1112 1131 1198 propte
1143 1113 1234 1177 tuter
1246 1131 1334 1191 eccs,

204 1229 381 1308 intellege:
403 1247 472 1291 non
492 1247 595 1305 arces,
615 1247 686 1290 non
704 1227 824 1301 vallus,
845 1248 887 1291 ne
908 1228 1040 1292 stabula
1060 1229 1194 1309 quidem
1219 1232 1335 1304 erant;

204 1346 352 1406 ceterum
372 1345 411 1405 cf.
434 1341 491 1406 Ov.
512 1342 592 1406 Met.
606 1343 631 1406 Ι.
650 1343 731 1406 10οε
757 1341 893 1405 «Mollia
905 1363 1029 1405 secura
1042 1342 1247 1423 peragebant
1266 1344 1335 1407 otia

178 1461 350 1541 ·gentes».
371 1496 415 1503 —
438 1477 594 1543 spurcus,
626 1479 669 1522 so.
702 1456 871 1538 dispersas
902 1459 938 1521 in
972 1459 1123 1539 pascuis3
1159 1478 1229 1521 non
1264 1462 1335 1521 erat

201 1575 304 1655 igitur
323 1594 407 1656 opus
426 1576 566 1657 vesperi,
587 1578 625 1638 ut
643 1574 739 1655 Verg.
760 1573 829 1637 Eel.
852 1576 881 1643 6,
903 1574 955 1637 85.
977 1573 1075 1638 dicit:
1101 1594 1236 1656 «cogere
1256 1593 1334 1638 oves

201 1691 347 1754 stabulis
365 1710 612 1772 numerumque
631 1690 781 1753 referri».
804 1687 959 1752 Ceterum
987 1709 1132 1773 sparsas
1161 1694 1211 1754 est
1234 1691 1334 1755 lectio

202 1807 353 1870 codicum
383 1806 586 1870 deteriorum
598 1827 606 1880 ;
632 1807 672 1868 cf.
702 1806 792 1869 infra
819 1805 894 1868 adn.
925 1806 996 1868 erit.
1027 1805 1069 1868 ad
1097 1807 1171 1870 h.l.
1197 1844 1241 1850 —
1260 1805 1335 1872 dum

202 1921 329 2007 propte,
353 1923 417 1985 hoe
444 1923 529 1996 loco,
559 1925 596 1985 ut
624 1922 726 1984 etiam
754 1920 995 2002 Pseudo-Verg.
1022 1917 1333 2004 (lul.175.,pasto·

202 2058 283 2112 rem,
315 2036 405 2118 apud
425 2036 482 2100 Ov.
503 2036 581 2099 Met
603 2035 674 2099 VH.
697 2035 770 2099 311.
803 2036 940 2098 arietem
971 2034 1154 2116 signifieat3
1183 2038 1270 2100 infra
1289 2038 1331 2101 Il.

207 2156 233 2226 l,
256 2154 318 2218 58:
344 2153 429 2214 «dux
447 2153 595 2233 peeoris»
620 2155 670 2215 est
689 2152 811 2216 hircus.
832 2190 877 2196 -—
895 2149 970 2218 dum
987 2153 1102 2239 propia
1131 2154 1221 2219 inter
1245 2173 1333 2232 oues,

206 2267 323 2330 eadem
353 2268 456 2331 verba
486 2268 584 2331 initio
616 2267 801 2331 hexametri
833 2267 890 2332 Ov.
922 2267 1001 2332 Met.
1027 2269 1098 2332 VII.
1131 2271 1216 2334 311:
1242 2270 1334 2334 «Dux

202 2384 313 2464 gregis
342 2384 431 2446 inter
461 2403 539 2446 oves
570 2403 676 2464 agnus
705 2383 926 2482 medicamine
946 2383 1034 2447 fiet».
1056 2421 1101 2427 —-
1126 2382 1219 2450 Tullo
1246 2385 1333 2451 mitt

200 2497 273 2562 vito
299 2498 388 2582 foret
415 2497 528 2564 dulcis
556 2518 616 2564 nec
646 2499 762 2564 tristia
779 2519 922 2576 nossem,
945 2502 1132 2576 antithesis,
1163 2506 1201 2566 ut
1228 2501 1331 2584 Lygd.

202 2617 233 2680 t.
256 2617 319 2679 At:
338 2613 468 2678 «Edidit
488 2616 558 2679 hese
577 2615 667 2679 dulci
686 2618 796 2680 tristia
816 2595 915 2681 verba
934 2617 1066 2681 modo».
1083 2616 1238 2682 Ceterum
1257 2616 1333 2685 dol-

203 2729 251 2793 cis
273 2734 323 2792 est
342 2731 406 2793 hoo
426 2731 500 2794 loco
520 2731 620 2794 lectio
649 2732 800 2795 codicum
830 2731 1032 2796 deteriorum
1044 2755 1052 2808 ;
1082 2735 1121 2796 cf.
1143 2735 1232 2797 infra
1255 2735 1331 2798 adn.

200 2846 272 2908 crit.
295 2847 387 2910 adh.
410 2846 430 2908 l.
451 2883 496 2889 —-
512 2845 610 2911 vita.
634 2895 641 2909 .
663 2899 669 2910 .
690 2845 822 2923 dulcia·
834 2850 871 2910 ut
890 2847 984 2909 Lucr.
1007 2847 1048 2910 II.
1071 2850 1155 2912 997:
1181 2849 1240 2912 «Et
1259 2849 1332 2912 dul-

200 2980 275 3023 cem
304 2962 431 3025 ducunt
458 2963 596 3026 vitam».
617 3001 661 3006 —
680 2962 778 3047 foret,
805 2983 885 3044 pro:
915 2962 1047 3047 fuisset,
1076 2967 1114 3026 ut
1133 2964 1228 3046 Verg.
1249 2966 1330 3029 Aen.

93 3135 94 3138 ,
200 3075 259 3140 III.
279 3079 479 3141 tlt-417:
504 3078 602 3141 «Haec
621 3079 721 3141 loca.
743 3128 750 3141 .
773 3128 780 3142 .
801 3079 997 3142 Dissiluisse
1018 3080 1139 3154 ferunt,
1160 3099 1236 3143 cum
1254 3102 1332 3162 pre·

199 3191 293 3254 tinus
321 3195 462 3273 utraque
492 3193 593 3256 tellus
622 3193 698 3256 Una
726 3194 843 3258 foret».
864 3231 909 3237 -—
928 3193 1045 3258 tristia
1065 3244 1072 3258 .
1093 3243 1100 3257 .
1124 3246 1129 3257 .
1153 3213 1265 3273 armo,
1294 3199 1333 3258 ut

200 3307 291 3370 infra
311 3328 357 3371 vs.
380 3311 533 3373 49-50:
559 3311 687 3372 «tristia
707 3311 782 3373 duri
800 3310 920 3375 Militis
941 3332 1067 3386 armatu
1088 3313 1127 3374 cf.
1149 3311 1229 3374 Hor.
1244 3313 1281 3375 A.
1296 3312 1329 3376 P.

202 3426 264 3488 73:
280 3426 407 3488 «tristia
426 3426 532 3490 bella»
544 3445 568 3489 l.
582 3465 626 3471 —
637 3424 737 3492 corde
755 3428 913 3508 micante,
932 3429 1141 3510 palpitante;
1161 3426 1331 3492 Tibullum

198 3538 352 3603 imitatur
381 3542 437 3605 Ov.
458 3543 495 3605 A
515 3543 552 3606 A.
574 3543 632 3605 ΠΙ.
655 3544 739 3607 lar:
764 3543 963 3607 «Pulsantur
990 3543 1113 3625 trepidi
1141 3544 1239 3606 corde
1268 3545 1331 3606 mi-

200 3659 297 3718 cante
328 3657 454 3730 sinun»,
485 3657 575 3721 Fast.
606 3657 659 3721 VI.
701 3659 785 3722 338:
825 3658 887 3722 «Et
921 3661 984 3722 fert
1017 3678 1199 3742 suspensos
1234 3658 1330 3722 corde

194 3773 346 3836 -mioante
376 3772 530 3853 gradus»,
561 3773 639 3837 ibid.
661 3774 719 3837 HL
743 3777 804 3838 36:
829 3795 967 3856 «corque
996 3777 1116 3838 timore
1145 3775 1264 3837 micat»
1299 3777 1332 3836 et

201 3887 286 3950 351:
311 3885 438 3950 «Corda
456 3888 582 3951 micant
601 3889 721 3970 regis».

243 4001 280 4066 V.
306 4003 446 4066 13-18.
468 4003 598 4083 tuebor,
627 4006 747 4068 ultima
779 4005 907 4086 syllaba
933 4005 970 4066 in
1000 4005 1065 4066 arsi
1092 4003 1262 4085 producta,
1292 4006 1331 4065 ut

198 4117 294 4200 Verg.
315 4119 396 4182 Aen.
418 4119 475 4182 XI.
499 4121 582 4184 323:
607 4119 819 4196 «Considunt,
841 4122 870 4183 si
889 4124 1004 4185 tantus
1024 4139 1127 4194 amor,
1150 4124 1182 4182 et
1206 4121 1331 4185 muenia

172 4220 175 4227 ’
198 4232 376 4296 condant».
396 4271 441 4277 —
462 4232 676 4317 Hoesuralc
704 4236 822 4300 uestro
842 4235 910 4298 telo
927 4234 1015 4319 perat
1036 4233 1150 4309 latere,
1172 4235 1211 4297 cf.
1233 4235 1328 4317 Verg.
