3268 4896
629 447 673 492 in
688 448 711 493 1.
729 445 754 505 a,
775 445 898 492 15—18.
1279 427 1329 480 145

200 623 288 707 quod
306 640 429 706 precor
447 622 498 700 (ef.
519 621 601 684 Hor.
617 618 683 684 Sat.
698 621 740 685 ΙΙ.
756 623 785 697 6,
808 623 860 701 8.),
882 620 971 686 unde
991 620 1177 688 deterrerer
1194 625 1330 688 transiit

200 738 243 802 ad
263 736 546 819 significationem
566 735 776 818 deprecandi.

244 852 281 916 V.
307 853 446 917 15-18.
468 850 600 916 uelatus
627 851 687 934 filo
718 851 912 936 tunicisque
936 852 1068 930 solutis,
1101 857 1201 935 eaput
1219 854 1330 916 velare

200 969 416 1050 tunicamque
447 967 618 1048 recingere
650 965 826 1042 debebant,
859 968 915 1047 qui
947 968 1050 1031 saeris
1086 969 1330 1049 operabantur;

200 1086 240 1149 ef.
255 1082 313 1147 Ov.
328 1083 406 1146 Met.
416 1082 440 1146 Ι.
452 1084 533 1147 398:
549 1081 746 1163 «velantque
754 1087 855 1163 caput
862 1083 1059 1164 tunicasque
1071 1084 1277 1164 recingunt».
1287 1121 1331 1128 -

200 1198 332 1265 velatus
359 1197 430 1282 file,
458 1200 560 1280 caput
586 1195 704 1259 velans
732 1195 841 1260 infula
869 1197 978 1281 lanea,
996 1201 1034 1260 ut
1063 1197 1270 1274 sacerdotes;
1290 1201 1331 1263 ef.

200 1314 272 1378 Liv.
292 1313 317 1377 L
341 1311 733 1383 triturantibus:
758 1313 916 1393 «legatus,
947 1313 1003 1376 ubi
1033 1314 1075 1376 ad
1101 1312 1186 1376 fines
1217 1334 1332 1378 eorum

200 1430 303 1505 venit,
322 1427 412 1492 unde
431 1447 485 1491 res
504 1431 711 1509 repetuntur,
732 1427 841 1509 eapite
860 1430 971 1492 velato
990 1428 1047 1492 filo
1060 1430 1158 1508 (lanae
1177 1429 1331 1492 velamen

202 1547 281 1624 astu
305 1548 387 1619 ete.;
408 1542 466 1606 Ov.
487 1543 536 1606 Ex
554 1543 649 1607 Pont.
671 1542 730 1606 III.
752 1545 782 1616 2,
804 1545 865 1607 75:
884 1541 1056 1624 «Dumque
1075 1546 1172 1624 parat
1191 1563 1330 1620 sacrum,

201 1661 282 1724 dum
300 1661 390 1724 velat
408 1664 561 1741 tempora
579 1659 703 1722 vittis».
718 1695 763 1700 —
780 1659 972 1744 tunicisque
992 1658 1127 1738 solutis,
1147 1679 1226 1722 nam
1246 1660 1333 1722 nihil

202 1777 279 1840 nexi
300 1780 332 1838 et
350 1775 454 1838 vineti
473 1775 509 1837 in
530 1774 632 1836 sacris
653 1791 725 1836 esse
745 1773 823 1836 licet
834 1796 842 1848 ;
862 1775 902 1836 ef.
925 1774 1000 1838 adn.
1022 1795 1122 1856 supra
1135 1775 1215 1838 adL
1229 1777 1257 1852 3,
1274 1778 1333 1840 32:

207 1890 373 1955 «resoluta
401 1909 546 1952 eomas».
578 1888 705 1951 Eadem
736 1888 836 1951 verba
864 1889 900 1952 in
927 1888 995 1953 fine
1023 1891 1206 1954 hexametri
1236 1891 1332 1973 Prop.

201 2006 256 2070 IV.
279 2007 308 2080 8,
340 2007 401 2068 61:
427 2005 515 2067 «lllee
535 2002 741 2085 direptisque
769 2003 875 2066 comis
900 2004 1089 2086 tunicisque
1119 2005 1269 2069 solutis».
1290 2042 1335 2048 —

215 2119 298 2186 Vota
316 2138 437 2185 uoueut
463 2116 586 2184 Triuiae
605 2121 702 2183 uocte
723 2116 842 2183 silente
861 2116 951 2196 dedi,
972 2119 1099 2195 Triviae,
1115 2121 1136 2184 i.
1152 2141 1179 2183 e.
1200 2120 1334 2184 Hecatae

206 2239 274 2301 sive
304 2236 532 2317 Proserpinae;
568 2234 722 2298 solebant
755 2236 848 2297 enim
882 2235 946 2298 diis
981 2236 1098 2299 inferis
1131 2255 1192 2318 pro
1228 2236 1335 2300 salrrte

206 2355 416 2434 aegrotorum,
437 2354 475 2415 ut
492 2352 535 2414 iis
555 2354 756 2432 parceretur,
777 2354 855 2413 vota
874 2351 982 2414 facere
994 2373 1002 2426 ;
1015 2352 1055 2414 of.
1069 2351 1172 2434 Lygd.
1194 2354 1224 2427 5,
1247 2355 1335 2416 33—

207 2470 268 2532 34:
294 2467 444 2530 «Interea
462 2467 576 2549 nigras
595 2466 741 2548 pecudes
769 2465 956 2547 promittite
974 2465 1045 2528 Diti
1065 2465 1107 2529 at
1127 2467 1218 2530 nivei
1237 2467 1336 2530 laetis

205 2583 327 2662 pocula
354 2583 458 2645 mixta
495 2601 621 2656 meror;
650 2581 746 2663 Prop.
776 2581 818 2644 IL
849 2582 901 2656 28,
930 2582 1075 2645 att-48.
1115 2581 1155 2644 de
1193 2581 1338 2664 Cynthia

206 2701 410 2778 agrotante:
435 2696 533 2760 «Haec
552 2701 621 2774 tua,
640 2695 864 2779 Persephone,
894 2699 1031 2757 maneat
1058 2696 1246 2772 clementia,
1276 2717 1338 2760 nee

206 2815 251 2889 tu,
285 2812 517 2894 Persephones
544 2811 699 2886 coniunx,
730 2811 848 2874 saevior
869 2829 941 2873 esse
960 2810 1075 2874 velis».
1096 2845 1141 2854 --·
1165 2808 1276 2877 Vota.
1297 2863 1304 2876 .
1327 2864 1334 2878 .

206 2926 297 3008 dedi,
316 2928 389 3003 feei,
403 2927 607 3009 nuncupavi,
621 2945 692 2988 non
706 2929 838 2988 autem:
858 2923 997 3000 reddidi,
1018 2929 1056 2988 ut
1067 2945 1114 2989 vs.
1130 2946 1176 3007 sq.
1189 2928 1217 3004 (e
1223 2929 1337 2990 omnia

207 3043 388 3126 persolvi»)
416 3042 583 3107 doeemur.
604 3079 649 3084 -
668 3058 800 3121 itouem,
828 3041 1058 3104 verisimiliter
1085 3045 1136 3104 ter
1163 3042 1237 3117 tria,
1259 3044 1338 3124 quia

207 3154 334 3222 Hecate
365 3161 438 3221 erat
468 3158 529 3221 dea
558 3157 742 3220 triformis:
773 3157 880 3232 Luna,
910 3157 1030 3232 Diana,
1062 3157 1272 3239 Proserpina.
1293 3195 1338 3202 —-

213 3272 347 3354 Teiuiae,
367 3275 447 3356 quia
473 3271 599 3337 Hecate
627 3273 665 3334 in
694 3272 802 3335 triviis
822 3272 1003 3336 colebatur.
1024 3309 1069 3315 —
1086 3274 1182 3337 nocte
1209 3272 1337 3353 sitente,

208 3389 335 3453 Hecate
356 3389 455 3464 enim,
470 3388 532 3452 dea
552 3389 746 3464 inferorum,
760 3391 925 3450 nocturno
939 3389 1032 3451 cultu
1044 3387 1280 3450 celebrabatur.
1293 3425 1338 3431 -

212 3503 341 3570 Omuiu
355 3504 529 3587 persolvi:
557 3504 689 3589 fruitur
717 3522 811 3568 reuue
842 3502 930 3567 ulter
943 3545 947 3548 -
961 3519 1078 3566 eruere
1108 3500 1153 3568 Et
1178 3501 1339 3586 precibus

209 3621 295 3706 {eliu
322 3619 434 3684 utitur
461 3619 518 3686 ille
537 3619 633 3697 uteie,
652 3619 765 3682 locum
784 3618 937 3680 imitatur
956 3616 1013 3680 Ov.
1034 3616 1113 3680 Her.
1136 3619 1165 3694 6,
1187 3619 1338 3682 73—-752

215 3735 324 3799 «Adde
343 3755 458 3817 preces
477 3738 586 3799 castas
605 3734 824 3815 immixtaque
843 3735 921 3796 vota
948 3733 1071 3807 timori,
1092 3731 1191 3798 Nune
1208 3752 1338 3813 quoque

210 3856 243 3915 te
264 3851 356 3915 salvo
376 3851 601 3934 persoluenda
619 3850 713 3914 mihi.
735 3851 820 3914 Vota
840 3870 900 3931 ego
929 3850 1138 3930 persolvam:
1162 3848 1250 3911 votis
1268 3849 1338 3912 Me·

211 3971 273 4033 dea
301 3971 471 4033 fruetsut»
496 3967 543 4031 Cf.
575 3967 677 4030 etiam
705 3965 800 4047 Prop.
830 3965 872 4028 IL
903 3967 933 4040 9,
964 3965 1105 4027 t5-te.
1135 3962 1175 4026 de
1195 3962 1339 4044 Cynthia

211 4085 361 4167 ingrata:
386 4083 483 4146 «Hae
502 4084 587 4146 mihi
611 4086 689 4146 vota
717 4083 810 4142 tuam
837 4082 976 4160 propter
1003 4081 1157 4159 suscepta
1185 4079 1337 4158 salutem,

213 4198 296 4264 Cum
315 4199 424 4281 capite
444 4199 508 4262 hoc
528 4198 651 4280 Stygia
671 4197 740 4260 iarn
759 4197 957 4277 poterentur
985 4198 1120 4274 aquaetr
1145 4230 1188 4236 —
1211 4192 1339 4261 Ouinia

266 4339 400 4391 Nemeae:
413 4339 478 4381 irus
493 4338 583 4381 ribaus
597 4339 714 4380 carmena
1200 4316 1232 4368 10
