3268 4896
642 451 684 496 rs
700 453 723 496 1.
741 449 765 506 5,
785 449 909 496 ss-ea
1291 429 1339 482 151

212 630 320 693 tentia
337 630 465 694 viscera
491 630 609 694 rostris
627 628 670 691 Et
689 629 829 710 plenum
855 631 936 709 poto
957 627 1121 708 sanguine
1149 630 1265 708 guttur
1284 628 1341 691 ha·

212 743 302 808 bent.
323 743 384 806 Est
402 742 471 806 illis
492 743 651 824 strigibus
679 763 814 819 nomen,
837 742 895 805 sed
922 742 1072 805 nominis
1103 741 1203 805 huius
1223 740 1340 816 Causa,

214 858 304 942 quod
337 859 543 922 horrendum
579 857 716 922 stridere
751 861 849 922 noete
885 857 1027 921 solent».
1060 857 1107 922 Cf.
1139 859 1230 920 infra
1255 857 1281 920 1.
1311 859 1341 932 6,

213 976 356 1040 47-48.
379 974 419 1038 de
451 974 622 1039 sacerdote
641 974 809 1038 Bellonae:
834 974 930 1055 «Ipsa
960 973 1107 1055 bipenne
1138 991 1217 1036 suos
1248 971 1345 1037 eadit

214 1090 365 1156 uolente
383 1091 526 1154 lacertos
546 1088 782 1171 Sanguineque
804 1087 909 1152 effuso
930 1088 1056 1170 spargit
1083 1089 1195 1151 inulta
1213 1087 1342 1151 deam».

259 1205 297 1268 V.
318 1207 461 1270 53—58.
481 1205 574 1290 fame
592 1205 800 1279 stimula-ute,
822 1209 859 1268 ut
886 1205 956 1268 Iuv.
979 1203 1046 1268 Sat.
1067 1202 1157 1267 XIII.
1180 1205 1243 1268 84:
1267 1205 1344 1268 «sti-

215 1321 366 1384 mulante
395 1322 483 1384 fame
512 1321 651 1384 festinat
671 1320 712 1384 ad
739 1321 866 1384 illam».
887 1358 931 1363 -
950 1319 1054 1404 fame,
1075 1320 1197 1383 ultima
1216 1315 1345 1402 syllaba

214 1436 385 1518 producta
408 1439 447 1499 ut
476 1436 662 1518 saepissime
691 1436 781 1519 apud
811 1440 939 1518 poetas,
961 1455 999 1500 e.
1021 1456 1050 1516 g.
1072 1437 1145 1498 loeo
1174 1435 1345 1499 luvenalis

217 1571 318 1634 supra
336 1549 426 1614 laud.
448 1554 482 1614 et
499 1551 595 1616 Lucr.
616 1552 677 1616 ΙΗ.
699 1554 773 1616 730.
788 1551 1033 1636 —herbasque
1051 1550 1218 1635 sepulcris
1240 1549 1343 1629 Qeroe-

215 1669 279 1742 ret,
300 1666 390 1730 unde
409 1687 451 1730 ne
471 1668 584 1749 peeori
604 1667 738 1750 quidem
758 1667 879 1730 herbas
907 1687 1043 1749 carpere
1072 1667 1159 1741 lieet,
1181 1670 1218 1731 ut
1238 1667 1346 1731 elucet

216 1781 274 1847 Ov.
295 1783 384 1846 Fast.
406 1783 460 1846 IV.
483 1784 681 1860 lla—750„
703 1784 760 1848 ubi
781 1783 955 1865 sacrilegia
983 1787 1159 1865 pastorum
1183 1783 1345 1846 Palilibus

217 1899 383 1983 expianda
414 1904 609 1963 enumerat:
634 1897 729 1963 «Sive
759 1919 853 1963 saero
884 1900 962 1981 pavi
994 1898 1106 1962 sedive
1135 1898 1196 1961 sub
1228 1898 1345 1962 arbore

217 2034 312 2078 saera
330 2014 523 2096 Pabulaque
545 2035 561 2077 e
582 2014 690 2077 bustis
709 2015 817 2079 inscia
836 2014 961 2094 earpsit
980 2015 1082 2078 ovis».
1104 2052 1148 2058 -
1170 2012 1298 2080 Currat
1315 2015 1347 2079 et

217 2129 418 2216 iuuantibus
436 2126 540 2193 audis
559 2127 735 2214 ululetque
749 2147 815 2213 per
825 2128 939 2205 urbes,
952 2150 994 2193 se.
1007 2132 1119 2193 furore
1130 2133 1292 2211 surrepta.
1303 2167 1348 2172 —-

217 2242 298 2309 Post
328 2248 422 2331 aqut,
447 2264 467 2307 a
493 2249 587 2325 tergo
620 2263 763 2326 sequens
794 2250 881 2327 agat,
913 2249 951 2309 ut
977 2246 1002 2310 Ι.
1028 2247 1077 2321 10,
1100 2248 1161 2309 024:
1187 2245 1346 2328 «Postque

219 2380 363 2435 comesu
392 2359 482 2424 idem
510 2359 676 2441 signifieat
694 2360 719 2423 Ι.
742 2363 771 2436 i,
794 2362 858 2424 67:
883 2362 1005 2425 «victas
1030 2365 1107 2442 agat
1136 2365 1213 2424 ante
1242 2365 1346 2424 eeter-

218 2497 294 2540 vas»
317 2477 339 2540 i.
358 2498 385 2540 e.
407 2481 483 2539 ante
509 2495 552 2540 se.
574 2496 653 2540 —e
675 2476 796 2550 triviis
825 2478 926 2559 iunge
946 2498 1023 2541 eum
1049 2496 1175 2542 eurtum
1208 2475 1348 2560 epitheti

219 2591 341 2666 m0d03
369 2589 483 2655 lenam
511 2596 696 2673 sequuntur
715 2612 815 2655 canes
836 2614 853 2655 e
873 2594 989 2668 triviis,
1012 2595 1032 2656 i.
1058 2615 1085 2657 e.
1108 2595 1220 2676 quiin
1240 2592 1347 2655 briviis

219 2726 292 2770 esse
322 2707 450 2780 solent;
479 2708 519 2770 el.
546 2727 647 2788 supra
666 2708 690 2770 Ι.
713 2711 742 2781 3,
767 2709 826 2772 12:
852 2729 887 2770 «e
918 2709 1026 2772 triviis
1055 2715 1169 2790 puer»,
1201 2709 1348 2789 isqui

218 2822 255 2885 in
273 2821 381 2884 briviis
401 2821 576 2885 vaticinari
597 2821 690 2886 solet.
711 2823 752 2885 In
775 2823 883 2888 triviis
913 2825 1104 2905 frequentes
1135 2827 1230 2887 erant
1248 2843 1348 2887 eanes

217 2936 304 3017 vagi,
336 2936 391 3018 qui
419 2937 640 3000 vescebantur
669 2942 812 3001 stercore
843 2939 891 3002 ibi
920 2939 1035 3014 eiecto,
1065 2939 1154 3001 unde
1178 2937 1235 3002 Ov.
1257 2937 1346 3002 nass

218 3051 256 3115 V.
282 3052 363 3114 140:
389 3053 553 3133 «compita
571 3057 666 3133 grata
684 3054 792 3117 eani».
813 3091 858 3097 -
877 3073 1012 3139 aspere,
1034 3057 1113 3118 fera.
1127 3092 1171 3097 —
1191 3051 1349 3119 Eeeuiet:

219 3165 281 3233 eat
298 3167 400 3255 sique
420 3164 514 3243 detta,
537 3173 576 3230 ut
595 3169 684 3232 infra
703 3169 744 3232 Π.
770 3171 796 3244 1,
818 3171 970 3234 ae—ae:
996 3170 1184 3233 «Eventura
1212 3189 1348 3251 precor:

218 3281 319 3347 viden
348 3285 386 3344 ut
417 3283 570 3346 felicibus
602 3285 686 3348 extis
722 3284 893 3366 Significat
926 3285 1077 3368 placidos
1112 3285 1232 3349 nuntie
1265 3283 1349 3348 fibra

220 3398 357 3474 deosbu
377 3399 490 3461 locum
518 3400 670 3462 imitatur
689 3399 747 3464 Ov.
767 3401 815 3464 Ib.
841 3403 1034 3466 lar—res:
1060 3402 1261 3464 «Evenient:
1293 3400 1348 3463 de·

220 3513 269 3577 dit
286 3513 359 3595 ipse
387 3513 473 3576 mihi
501 3514 601 3578 medo
634 3516 730 3596 signa
761 3517 866 3579 futuri
895 3516 1073 3580 Phoebus».
1094 3553 1138 3559 —
1157 3514 1218 3580 eat
1247 3515 1349 3601 sique

220 3627 314 3702 deur,
346 3632 447 3710 poeta
482 3649 581 3692 omen
613 3651 648 3694 se
677 3632 843 3713 accepisse
878 3631 985 3713 fingit.
1017 3669 1062 3674 —-
1091 3635 1172 3696 suut
1201 3632 1350 3696 rtumiua

220 3741 362 3817 umenti,
384 3763 427 3806 se.
445 3743 602 3825 propitia.
615 3742 775 3811 ——Seeeit
794 3749 825 3811 et
842 3746 976 3811 iniusta
996 3748 1066 3830 leue
1085 3745 1205 3810 relicte
1224 3744 1348 3824 VeuuS,

219 3859 240 3922 i.
267 3879 294 3921 e.
325 3877 401 3921 eum
430 3858 589 3921 alteruter
618 3860 805 3923 amantium
833 3859 957 3942 perfide
980 3860 1104 3924 deserit
1133 3861 1284 3924 alterurn.
1305 3898 1350 3903 —

219 3973 351 4040 iniusta
372 3974 452 4060 leue,
475 3976 681 4040 eondieione.

264 4089 302 4154 V.
324 4092 466 4154 59-66,
488 4109 581 4178 suyae
601 4095 776 4176 precepta
802 4092 950 4176 reperis,
973 4113 1043 4175 quae
1064 4091 1202 4155 divitem
1222 4096 1348 4156 amato·

218 4225 291 4270 rem
322 4207 463 4287 pauperi
499 4207 745 4289 praeferendum
787 4227 859 4270 esse
899 4211 1033 4283 menet3
1068 4207 1152 4270 talia
1184 4211 1348 4288 praesepta
