3306 4896
740 439 763 483 1.
784 435 810 483 5.

301 612 517 696 Magnificum
537 618 614 695 post
633 613 711 690 haec,
733 613 868 679 horrida
887 615 987 678 verba
1006 614 1113 680 doma.

257 730 357 794 Parce
377 733 500 806 tamen,
521 731 633 810 perte
655 729 769 792 furtivi
789 729 914 793 foedera
933 731 1019 807 lecti,

301 845 363 912 Per
381 847 546 932 Venerem
565 867 676 930 quaeso
696 849 985 932 compositumque
1005 851 1113 930 eaput.

257 963 318 1026 Ille
339 982 408 1044 ego,
431 982 507 1026 curn
526 963 615 1028 tristi
633 963 750 1026 morbo
771 963 902 1027 defessa
920 964 1055 1038 iaceres,

302 1077 345 1142 Te
365 1078 457 1142 dicor
474 1078 562 1142 votis
582 1080 744 1161 eripuisse
764 1081 868 1143 meis:

256 1196 398 1278 Ipseque
417 1200 450 1260 te
470 1196 594 1260 circum
614 1196 754 1259 lustravi
775 1197 901 1259 sulfure
920 1215 1015 1278 puro,

303 1310 458 1376 Carmine
478 1331 554 1374 curn
573 1313 704 1394 magico
724 1312 956 1394 praecinuisset
975 1330 1078 1373 anus:

256 1427 332 1509 Ipse
351 1427 536 1508 procuravi,
556 1447 599 1490 ne
618 1429 759 1509 possent
779 1447 865 1490 saeva
883 1445 1004 1489 nocere

303 1539 449 1618 Somnia,
470 1547 522 1606 ter
541 1546 657 1606 sancta
676 1542 908 1606 deveneranda
926 1541 1035 1604 mola:

257 1656 333 1738 Ipse
354 1676 414 1739 ego
432 1658 562 1720 velatus
581 1656 639 1721 filo
660 1658 848 1739 tunicisque
870 1657 989 1720 solutis

302 1771 387 1836 Vota
405 1791 527 1835 novem
547 1772 665 1835 Triviae
685 1777 782 1836 nocte
803 1773 923 1835 silente
943 1771 1029 1835 dedi.

259 1885 380 1950 Omnia
398 1887 564 1969 persolvi:
584 1887 707 1950 fruitur
726 1906 815 1950 nunc
835 1888 920 1950 alter
938 1906 1060 1956 amore.
1182 1921 1185 1928 ·

302 2002 344 2065 Et
363 2002 517 2084 precibus
538 2003 617 2066 felix
635 2003 742 2066 utitur
759 2001 817 2064 ille
837 2002 931 2065 meis.

257 2119 301 2180 At
319 2118 402 2182 mihi
422 2118 554 2181 felicem
573 2118 689 2192 vitam,
710 2117 740 2180 si
760 2117 852 2180 salva
871 2114 1001 2191 fuisses,
1124 2151 1125 2158 κ

302 2231 486 2315 Fingebam
506 2232 654 2306 demens,
677 2230 734 2295 sed
752 2233 915 2294 renuente
935 2230 1007 2294 deo.

257 2347 348 2411 Rura
367 2348 484 2422 colam,
506 2349 704 2430 frugumque
724 2346 831 2409 aderit
849 2366 925 2409 mea
942 2346 1040 2410 Delia
1059 2350 1181 2424 eustos,

301 2464 387 2528 Area
406 2461 486 2526 dum
505 2481 631 2526 messes
651 2461 721 2524 sole
741 2460 870 2523 calente
889 2465 985 2538 teret,

257 2580 323 2642 Aut
341 2579 427 2643 mihi
446 2577 592 2642 servabit
610 2576 721 2658 plenis
741 2575 778 2638 in
796 2576 955 2640 lintribus
974 2596 1056 2639 uvas

302 2695 483 2775 Pressaque
503 2690 609 2756 veloci
630 2689 773 2754 candida
791 2693 904 2753 musta
921 2691 1016 2772 pede.

259 2809 462 2874 Consuescet
480 2827 656 2871 numerare
675 2825 787 2887 pecus,
809 2811 1005 2870 consuescet
1024 2808 1168 2871 amantis

304 2923 464 2989 Garrulus
484 2924 520 2985 in
540 2921 684 2985 dominae
705 2920 823 2984 ludere
842 2941 946 2984 verna
965 2923 1051 2984 sinu.

258 3040 321 3104 Illa
340 3039 401 3103 dec
422 3039 504 3102 sciet
523 3036 675 3119 agricolae
695 3056 755 3119 pro
774 3037 899 3100 vitibus
918 3058 1027 3115 uvam,

302 3159 364 3221 Pro
385 3160 495 3239 segete
515 3156 632 3238 spicas,
652 3175 713 3236 pro
734 3175 833 3236 grege
852 3155 938 3217 ferre
958 3154 1086 3236 dapem.

257 3274 321 3337 Illa
339 3277 433 3356 regat
451 3278 598 3348 cunctos,
619 3272 670 3334 illi
691 3273 759 3336 sint
779 3274 893 3336 omnia
911 3292 1017 3334 curae:

302 3390 344 3452 At
362 3391 454 3453 iuvet
473 3389 509 3451 in
529 3392 600 3451 tota
619 3409 673 3450 me
693 3387 780 3450 nihil
800 3407 872 3451 esse
892 3387 1002 3450 d0m0.

257 3505 332 3568 Huc
351 3505 462 3568 veniet
480 3501 640 3567 Messalla
659 3522 763 3577 meus,
786 3502 837 3563 cui
859 3501 970 3564 dulcia
987 3520 1090 3582 poma

302 3621 399 3684 Delia
418 3619 550 3682 selectis
570 3618 724 3681 detrahat
743 3615 923 3692 arboribus,

257 3736 308 3812 Et,
329 3739 462 3799 tantum
481 3737 638 3797 venerata
658 3733 776 3801 virum.
798 3737 878 3794 tunc
898 3731 1016 3794 sedula
1035 3733 1134 3805 curet,

302 3853 394 3918 Tunc
412 3855 508 3934 paret
527 3854 625 3932 atque
646 3850 763 3930 epulas
783 3849 857 3929 ipsa
875 3847 1030 3910 ministra
1049 3849 1150 3926 gerat.

257 3966 337 4031 Haec
356 3966 441 4030 mihi
460 3965 635 4047 fingebam,
659 3984 731 4047 quac
750 3982 840 4025 nune
862 3980 1026 4041 eurusque
1046 3963 1211 4040 notusque

301 4083 407 4146 Iactat
426 4082 581 4146 odoratos
599 4083 678 4143 vota
696 4099 756 4160 per
773 4077 960 4141 Armenios.

259 4195 351 4280 Saepe
372 4218 432 4280 ego
451 4197 613 4278 temptavi
633 4216 728 4259 curas
749 4194 917 4276 depellere
936 4193 1024 4267 vinc,
