3306 4896
391 1329 463 1412 In
495 1326 807 1410 Honoamu
840 1324 1198 1409 massanum

536 1458 1058 1563 ournnncruvrnr.

735 1869 787 1946 (ll
809 1869 852 1946 5.)

275 2029 408 2104 Phoebe,
429 2031 521 2092 fave:
542 2047 649 2091 novus
670 2026 856 2108 ingreditur
874 2030 933 2090 tua
950 2029 1078 2110 templa
1097 2027 1270 2092 sacerdos:

320 2142 395 2206 Huc
416 2164 475 2225 age
495 2163 572 2206 cum
591 2143 722 2205 cithara
741 2142 1010 2223 carminibusque
1030 2143 1117 2205 veni.

276 2259 371 2322 Nunc
389 2264 423 2323 te
442 2259 573 2323 vocales
593 2257 765 2339 impellere
783 2258 905 2340 pollice
926 2257 1076 2333 chordas,

320 2375 414 2438 Nunc
434 2394 551 2457 precor
570 2373 612 2436 ad
630 2371 746 2436 laudes
765 2371 898 2436 flectere
917 2373 1018 2436 verba
1037 2393 1138 2436 meae.

204 2487 207 2492 ’
277 2489 353 2572 Ipse
372 2490 571 2571 triumphali
591 2489 765 2552 devinctus
784 2494 937 2569 tempora
956 2490 1062 2562 lauro,

321 2605 409 2668 Dum
430 2605 604 2668 cumulant
624 2624 709 2678 aras,
730 2602 772 2666 ad
790 2608 849 2666 tua
870 2623 962 2666 sacra
983 2605 1069 2667 veni.

277 2718 342 2784 Sed
360 2721 487 2783 nitidus
507 2720 711 2803 pulcherque
731 2721 827 2784 veni:
849 2739 939 2782 nunc
959 2718 1062 2782 indue
1080 2724 1223 2783 vestem¹

322 2833 520 2917 Sepositem,
541 2836 661 2916 longas
680 2856 771 2898 nunc
791 2834 876 2897 bene
895 2840 989 2916 pecte
1009 2855 1132 2912 comae,

279 2951 419 3029 Qualem
439 2953 472 3013 tc
492 2954 682 3014 memorant
702 2949 847 3014 Saturno
867 2957 943 3031 rege
964 2951 1078 3031 fugato

321 3066 445 3142 Victori
465 3065 583 3129 laudes
604 3067 817 3128 concinuisse
836 3066 918 3129 Iovi.

276 3181 323 3244 Tu
343 3183 459 3262 procul
480 3185 639 3245 eventura
658 3181 759 3257 vides,
781 3181 843 3244 tibi
863 3180 994 3244 deditus
1015 3201 1121 3263 augur

324 3295 393 3360 Scit
411 3297 505 3370 bene,
529 3297 608 3379 quid
627 3297 688 3358 lati
707 3297 848 3378 provida
866 3300 978 3359 cantet
998 3298 1078 3366 avis.

277 3411 390 3494 Tuque
409 3415 497 3494 regie
519 3417 634 3480 sortes.
655 3416 767 3494 perte
787 3414 960 3493 praesentit
979 3433 1130 3494 aruspex,

322 3528 464 3592 Lubrica
484 3530 629 3610 signavit
647 3549 723 3590 cum
743 3528 825 3592 deus
846 3532 918 3591 exta
938 3529 1046 3591 notis:
1118 3581 1124 3588 ,

276 3642 320 3707 Te
340 3643 421 3707 duce
442 3645 611 3708 Romanos
630 3663 816 3725 numquam
836 3645 995 3706 frustrata
1016 3641 1150 3723 Sibylla,

321 3758 441 3822 Abdita
462 3780 532 3841 quae
553 3759 643 3823 aenis
664 3741 733 3823 fata
752 3761 843 3822 canit
862 3759 1013 3841 pedibus.

277 3873 409 3940 Phoebe.
431 3895 540 3937 sacras
560 3874 781 3939 Messalinum
801 3877 875 3938 sine
895 3881 1032 3954 tangere
1053 3873 1185 3935 chartas

320 3987 424 4064 Vatis,
446 3992 580 4072 etipse,
600 4011 725 4073 precor,
748 3991 827 4072 quid
846 3994 944 4053 canat
962 3989 1031 4062 illa,
1053 3987 1143 4049 doce.

276 4103 356 4167 Haec
375 4105 467 4170 dedit
485 4109 604 4170 Aeneae
625 4110 739 4181 sortes,
761 4111 940 4187 postquam
959 4104 1017 4167 ille
1035 4109 1211 4184 parentem

321 4219 453 4284 Dicitur
471 4226 504 4286 et
523 4226 636 4304 raptos
657 4223 857 4285 sustinuisse
878 4223 999 4283 Lares:
