3268 4896
620 462 662 506 sn
678 463 701 507 1.
721 460 746 521 1,
762 460 889 507 45-52.
1270 441 1319 494 137

191 637 258 702 fine
268 640 452 702 hexametri
473 639 561 721 apud
573 637 670 721 Prop.
691 639 715 703 L
738 641 768 715 8,
791 640 852 703 33:
877 638 956 702 «Ille
967 639 1020 703 vel
1034 641 1177 720 angusto
1189 655 1322 704 meeum

194 753 401 835 requiescere
420 755 539 818 lecto».
561 792 605 798 -
624 753 781 820 membru
801 755 913 820 leuare
935 756 1021 830 toro,
1040 756 1151 819 losum
1170 755 1324 820 imitatur

194 867 252 934 Ov.
272 869 344 934 Am.
366 871 390 933 Ι.
413 873 442 941 5,
466 873 504 934 9:
539 870 706 953 «Adposui
726 871 837 935 medio
866 870 1017 934 membru
1044 870 1187 933 levnndu
1214 873 1321 948 toro»,

193 984 283 1049 nasu
303 985 357 1050 VI.
374 988 458 1049 3028:
483 985 582 1048 «Pers
601 986 688 1049 iacet
707 990 740 1050 et
758 986 854 1050 molli
874 986 1025 1067 gramine
1038 986 1322 1064 membranulis,

195 1099 291 1164 Trist.
312 1100 337 1164 Ι.
360 1103 388 1166 3.
410 1103 474 1165 94:
498 1104 551 1164 «et
570 1101 680 1181 gelide
700 1100 851 1166 membre
878 1101 1003 1164 levnvit
1027 1102 1149 1165 humo»
1184 1106 1216 1165 et
1243 1101 1323 1166 Met.

196 1215 283 1280 VHI.
306 1218 390 1281 639:
415 1216 585 1280 «Membra
605 1237 706 1280 senex
723 1217 834 1298 posito
855 1218 953 1280 iussit
972 1217 1120 1280 relevere
1139 1216 1269 1281 sedili».

199 1348 201 1352 ·
241 1332 277 1395 V.
298 1333 441 1395 45-48.
467 1330 580 1410 Quam
599 1331 715 1397 iuuet.
730 1381 760 1397 ..
782 1329 962 1397 deminum
982 1334 1096 1397 tenero
1116 1331 1326 1398 continuisse

196 1446 288 1525 sinu,
316 1448 429 1510 loeum
457 1447 611 1510 imitetur
637 1447 741 1529 Lygd.
772 1449 802 1516 6.
833 1450 896 1512 53:
921 1447 1047 1526 «Quem
1065 1448 1187 1511 vellem
1215 1452 1326 1510 teeum

198 1561 317 1643 longae
338 1563 546 1645 requiescere
566 1566 714 1626 nostes».
735 1599 779 1606 -
800 1565 914 1627 tenere
940 1561 1150 1628 continuisse
1179 1562 1269 1639 sinu,
1290 1567 1329 1627 ut

200 1677 289 1740 inire
307 1679 332 1741 I.
355 1681 384 1746 92,
408 1679 560 1742 73-74:
585 1677 645 1741 «Et
673 1681 706 1740 te
735 1678 816 1741 dum
843 1679 944 1741 lieeet
972 1679 1098 1742 teneris
1116 1679 1261 1742 retinere
1280 1680 1327 1743 lu·

199 1795 307 1869 certis,
337 1793 452 1857 Mollis
482 1798 515 1857 et
542 1794 579 1857 in
608 1793 692 1856 durs
720 1795 764 1857 eit
782 1794 867 1856 mihi
887 1813 1027 1857 somnus
1055 1794 1192 1859 humo»,
1213 1797 1327 1860 -te-

201 1927 282 1986 itere
295 1959 302 1974 .
317 1958 347 1973 ..
369 1908 461 1988 sinu,
481 1912 626 1991 pectore,
647 1913 685 1972 ut
705 1929 807 1991 eupre
826 1909 851 1972 Ι.
874 1911 903 1986 8,
926 1911 988 1974 36;
1012 1913 1165 1973 «teneros
1184 1911 1332 1974 senserit

198 2043 309 2108 'usque
339 2026 464 2088 sinus».
486 2062 530 2069 —
550 2024 772 2104 continuisse,
796 2025 946 2088 clausum
965 2026 1018 2088 vel
1037 2026 1184 2088 vinetum
1204 2029 1329 2100 tenere,

203 2144 241 2204 ut
263 2140 405 2204 dieitur:
435 2141 582 2222 aliquem
601 2141 721 2204 vinclis
750 2146 809 2204 eut
836 2161 965 2204 eernere
995 2142 1177 2205 continere.
1198 2139 1332 2206 -Aut

203 2253 339 2342 yelidas
359 2253 525 2321 hibernus
553 2275 665 2340 equus
693 2275 770 2321 euni
799 2255 929 2341 fuderit
948 2255 1083 2334 Auster,
1103 2277 1237 2320 versum
1257 2258 1332 2320 imi·

203 2375 294 2435 intur
322 2370 378 2435 Ov.
409 2371 457 2434 Ex
485 2371 580 2435 Pont
610 2371 652 2435 H.
677 2374 703 2447 1,
735 2374 797 2436 25:
821 2391 915 2436 «eum
945 2372 1062 2436 multis
1092 2372 1223 2436 lueibus
1255 2376 1333 2437 ente

198 2485 341 2550 'Fudenit
359 2486 517 2550 adsiduae
536 2487 674 2550 nubilus
693 2487 815 2550 Auster
834 2507 969 2569 eques».
983 2523 1028 2530 -
1045 2486 1182 2569 Auster,
1201 2487 1333 2570 pluvius

205 2602 269 2664 lert
289 2622 421 2676 seeum3
442 2602 481 2665 ef.
502 2601 598 2682 Verg.
621 2601 679 2667 Ge.
700 2601 759 2665 ΠΙ.
781 2603 979 2666 ets—nte:
1004 2603 1111 2666 «unde
1130 2603 1333 2684 nigerrimus

207 2723 321 2782 auster
354 2718 509 2781 Neseitur
539 2722 572 2780 et
601 2717 715 2800 pluvio
751 2718 927 2781 contristet
962 2718 1084 2798 frigore
1119 2707 1334 2783 celum».-

205 2851 371 2899 semues.
396 2885 402 2897 .
423 2883 431 2897 .
453 2833 561 2917 sequi,
583 2853 702 2897 somno
723 2854 759 2897 se
778 2833 910 2896 trudere
922 2856 929 2908 ;
949 2834 989 2896 el.
1012 2832 1125 2898 Senes.
1148 2833 1226 2898 Oed.
1249 2837 1334 2898 682:

210 2950 334 3013 «otium
363 2970 401 3012 ae
430 2968 588 3012 somnum
617 2951 742 3031 sequi».
763 2986 808 2992 η
826 2948 937 3014 imbre
965 2950 1113 3025 iuuante,
1144 2949 1333 3027 adiuvante,

202 3068 244 3128 ut
270 3065 341 3130 niv.
366 3065 392 3129 Ι.
415 3067 468 3141 37,
492 3068 528 3129 l:
553 3069 737 3147 «ventoque
767 3065 903 3128 iuvenis
932 3083 1073 3128 senense
1100 3065 1225 3146 lignu»;
1255 3084 1334 3129 nem

199 3183 343 3264 -aequalis
374 3202 479 3246 eonue
510 3201 603 3264 uquae
634 3180 783 3244 cedentis
813 3182 911 3243 laeile
942 3185 974 3243 et
1003 3179 1148 3242 iucunde
1179 3182 1335 3245 homines

210 3295 315 3377 eopit3
337 3298 376 3360 el.
396 3296 486 3358 infru
504 3294 529 3358 I.
552 3297 581 3370 l,
604 3295 1026 3376 77-78:«s0p01emNec
1046 3298 1178 3360 sonitus
1197 3297 1335 3379 plueidae

207 3410 326 3474 ducere
345 3414 461 3492 posset
480 3430 591 3492 equae»
616 3414 649 3472 ei
668 3410 742 3473 adn.
764 3409 806 3473 ed
824 3411 857 3474 h.
877 3412 898 3474 l.
908 3433 917 3486 ;
937 3413 1161 3493 fragmentum
1182 3411 1334 3494 Sophoel

202 3527 298 3610 'apud
326 3524 392 3590 Oie.
413 3527 463 3590 Ad
491 3526 556 3590 Au.
577 3526 619 3588 Π.
646 3527 676 3600 7,
697 3527 737 3591 4:
766 3523 824 3590 κᾶν
853 3522 909 3590 ὑπὸ
938 3532 1030 3611 στέγῃ
1063 3526 1184 3612 sssum:
1214 3524 1336 3591 ἀκούειν

201 3641 345 3728 ,ψεκάδος
365 3637 498 3725 εὖδούσῃ
518 3645 623 3727 epse&
645 3640 715 3704 Liv.
736 3640 853 3705 XXIV.
867 3642 920 3715 46,
942 3643 981 3706 5:
1006 3642 1195 3706 «imber...
1213 3644 1337 3707 lentior

206 3757 329 3821 deinde
349 3757 574 3839 aequaliorque
604 3757 757 3821 enuidens
786 3757 922 3820 auribus
942 3777 1099 3839 magnam
1127 3762 1258 3842 purtem
1277 3759 1336 3823 ho-

209 3874 341 3936 minum
361 3873 515 3954 sopivit».

254 3989 291 4053 V.
320 3989 463 4053 49-52.
492 3987 646 4073 furerem
677 3987 744 4067 Qui
771 3988 882 4052 inuiis
911 3991 941 4053 et
970 3988 1084 4054 tristes
1114 3988 1203 4075 ferre
1232 3991 1338 4073 potest

206 4103 358 4188 ¹plutius,
391 4103 532 4167 iniurius
564 4104 635 4166 eaeli
665 4104 831 4185 intellegit
865 4104 1030 4167 militibus
1064 4103 1265 4169 tolerandus.
1294 4137 1339 4148 -κ

207 4219 382 4283 tristes..
404 4267 411 4281 .
432 4217 579 4300 pluvius,
599 4219 639 4280 ut
667 4217 747 4282 Hor.
770 4217 837 4282 su.
858 4219 882 4282 Ι.
907 4220 935 4295 1,
957 4221 1019 4284 36;
1044 4220 1232 4284 «inversum
1261 4235 1339 4282 eom
