3306 4896
614 1189 974 1275 MARATHUS.

779 1531 804 1594 Ι.

282 1664 354 1730 «Sic
373 1667 531 1730 umbrosa
551 1665 610 1727 tibi
632 1665 829 1745 contingant
848 1667 944 1738 tecta,
966 1663 1094 1745 Priape,
1353 1681 1414 1732 La.

322 1781 370 1843 Ne
390 1781 491 1862 capiti
512 1780 609 1847 soles.
631 1800 674 1842 ne
694 1784 903 1861 noceantque
923 1781 1035 1843 nives:

278 1897 356 1976 Quae
376 1899 435 1960 tua
455 1898 620 1960 formosos
640 1897 728 1977 cepit
748 1896 922 1959 sollertia?
941 1893 1036 1958 Certe

321 2013 396 2075 Non
415 2013 477 2076 tibi
497 2013 600 2074 barba
619 2012 714 2082 nitet.
735 2031 805 2073 non
824 2011 884 2073 tibi
906 2012 995 2074 culta
1014 2030 1109 2074 coma
1129 2015 1188 2086 est,

277 2128 392 2191 Nudus
412 2132 445 2191 et
465 2129 611 2190 hibernae
631 2127 787 2209 producis
808 2129 931 2208 frigora
950 2127 1086 2202 brumae,

321 2242 438 2305 Nudus
458 2248 490 2305 et
509 2244 613 2306 aestivi
635 2246 787 2323 tempora
807 2243 894 2304 sicca
914 2240 1044 2305 Canis.»

278 2357 330 2423 sie
351 2379 430 2440 cgo;
451 2365 522 2422 tum
542 2359 664 2422 Bacchi
684 2359 857 2444 respondit
875 2359 999 2421 rustica
1018 2358 1129 2439 proles

321 2478 477 2542 Armatus
498 2479 597 2541 curva
617 2479 663 2543 sic
682 2479 767 2540 mihi
786 2477 870 2540 falce
891 2476 990 2539 deus:

284 2591 327 2655 «0
349 2593 424 2675 fuge
443 2595 475 2655 te
496 2597 618 2657 teneres
639 2613 819 2675 puerorum
840 2591 971 2654 credere
991 2592 1104 2663 turbae,

322 2707 406 2771 Nam
426 2730 560 2774 causam
585 2711 666 2774 iusti
686 2729 816 2790 semper
836 2710 959 2772 amoris
979 2709 1114 2771 habent.
1385 2739 1413 2774 ιο

278 2821 343 2886 Hic
361 2824 479 2905 placet,
502 2827 653 2906 angustis
674 2823 763 2906 quod
782 2843 904 2905 equum
925 2825 1106 2905 compescit
1126 2824 1286 2888 habenis:

322 2937 386 3002 Hic
405 2941 571 3021 placidam
592 2943 694 3004 niveo
710 2943 844 3023 pectore
863 2940 961 3021 pellit
979 2960 1120 3023 aquam:

277 3051 350 3128 Hic,
372 3057 450 3136 quia
471 3058 566 3120 fortis
586 3057 680 3122 adest
700 3057 848 3134 audacia,
869 3058 975 3139 cepit:
996 3060 1030 3121 at
1048 3059 1113 3131 ilii,

322 3170 500 3252 Virgineus
520 3178 653 3237 teneras
674 3178 739 3236 stat
757 3174 865 3255 pudor
885 3177 962 3236 ante
981 3193 1092 3253 genae.

279 3281 344 3347 Sed
362 3306 405 3348 ne
425 3293 458 3350 te
478 3291 620 3371 capiant,
642 3290 750 3370 primo
772 3291 796 3353 si
820 3291 904 3352 forte
924 3289 1069 3370 negabit,

324 3399 452 3465 Taedia:
468 3404 635 3484 'paulatim
657 3404 717 3467 sub
737 3405 817 3484 iuga
835 3406 921 3467 coila
941 3404 1042 3467 dabit.

279 3515 396 3598 Longa
416 3519 486 3582 dies
507 3521 637 3582 homini
658 3520 770 3583 docuit
789 3543 905 3603 perere
926 3524 1050 3593 leones,

323 3634 439 3717 Longa
460 3637 529 3700 dies
548 3638 642 3700 molli
663 3657 743 3701 saxa
760 3638 890 3718 peredit
909 3639 1013 3720 aqud:

278 3749 396 3814 Annus
416 3753 452 3813 in
472 3753 592 3832 apricis
612 3755 758 3815 maturat
777 3753 917 3815 collibus
937 3772 1027 3825 uvas,

323 3866 447 3934 Annus,
463 3869 531 3948 agit
550 3872 639 3930 certa
658 3869 769 3931 lucida
790 3869 886 3950 signa
904 3870 983 3931 vice.

278 3980 345 4044 Nec
364 3983 474 4045 iurare
493 3984 593 4045 time:
613 3983 754 4047 Veneris
773 3986 919 4066 periuria
937 3985 1027 4046 venti

323 4098 422 4162 Irrita
440 4120 500 4180 per
519 4104 623 4162 terra-s
644 4104 677 4164 et
696 4101 781 4162 freta
801 4121 931 4164 summa
950 4102 1069 4163 ferunt.

282 4213 395 4278 Gratia
415 4235 537 4295 magna
557 4215 647 4278 Iovi:
667 4219 773 4280 vetuit
791 4221 886 4298 pater
905 4217 976 4297 ipse
995 4216 1115 4291 valere,
