3306 4896
264 449 270 454 „
304 414 322 466 6
789 436 960 482 annulum.
1016 423 1018 428 ’

307 611 482 706 Sulpiciae
510 618 547 686 et
574 613 745 688 Corinthi
771 613 908 709 scripta
931 612 1008 704 (IV.
1029 611 1150 703 l—b.)
1170 638 1249 687 non
1266 623 1429 710 possunt

198 737 200 739 ’
305 751 404 820 recte
430 746 609 842 intellegi.
630 746 787 822 Omissae
806 751 896 821 sunt
920 745 1104 841 Lygdami
1129 747 1255 843 elegiae
1275 749 1314 837 (l.
1329 749 1427 843 HL),

306 904 398 975 quas
424 905 500 954 una
526 905 613 953 cum
638 879 860 976 panegyrico
886 879 1072 954 Messallae
1105 880 1142 970 (l.
1170 881 1234 954 IV.
1266 883 1312 972 1.)
1339 908 1429 957 mox

305 1013 484 1108 peculiari
509 1013 753 1088 tractabimus
779 1013 920 1087 libello.
1394 1017 1396 1020 ’

354 1147 400 1223 In
427 1146 554 1242 elegiis
581 1147 734 1221 edendis
759 1171 838 1220 non
869 1149 1012 1220 servavi
1038 1148 1207 1222 ordinem
1238 1149 1430 1226 codicibus

304 1281 496 1370 traditum,
508 1280 574 1354 sed
587 1285 802 1376 temporum
821 1280 1001 1369 ordinem,
1020 1305 1095 1374 quo
1113 1306 1165 1355 eae
1184 1282 1332 1376 scriptae
1347 1310 1430 1360 esse

305 1415 400 1488 mihi
424 1413 610 1504 videntur,
638 1419 790 1487 secutus
817 1437 921 1502 sum;
948 1415 987 1485 in
1015 1413 1319 1492 adnotationibus
1346 1443 1429 1492 exe-

304 1549 435 1644 geticis
461 1573 540 1621 non
566 1549 691 1622 solum
716 1547 882 1618 virorum
908 1545 1115 1638 doctorum,
1147 1551 1212 1624 sed
1239 1552 1353 1626 etiam
1379 1553 1429 1626 ci-

305 1685 408 1757 vium
421 1681 731 1757 Academicorum
744 1681 952 1756 rationibus
971 1684 1164 1759 consulere
1183 1685 1295 1776 volui,
1315 1711 1430 1782 quare

305 1844 352 1894 ne
378 1817 563 1893 faciliores
589 1794 740 1911 quidem
766 1819 870 1890 locos
902 1816 1051 1891 silentio
1084 1821 1430 1912 praetermittendos

304 1953 452 2048 putavi3
495 1953 535 2024 in
575 1951 881 2024 adnotationibus
924 1951 1062 2025 criticis
1105 1953 1283 2047 exscripsi
1324 1955 1430 2032 locos

307 2109 449 2174 omnes,
476 2085 541 2158 ubi
567 2109 588 2158 1
615 2084 740 2158 codice
758 2085 1006 2158 ,Ambrosiano
1034 2083 1288 2177 discesseram,
1317 2111 1427 2183 expo-

306 2221 438 2313 suique
465 2243 594 2293 causas
622 2217 928 2292 emendationum
945 2240 1125 2307 mearum,
1144 2219 1279 2311 quibus
1297 2246 1429 2297 versus

305 2359 518 2449 temporum
544 2353 681 2426 iniuria
707 2356 901 2446 corruptos
936 2374 1067 2424 sanare
1105 2353 1252 2442 studui3
1291 2353 1332 2426 in
1367 2380 1427 2428 ex·

306 2487 475 2560 cursibus
511 2486 779 2560 commentario
815 2484 967 2558 adiectis
1005 2483 1044 2556 id
1082 2485 1243 2558 maxime
1282 2487 1349 2582 egi,
1387 2490 1431 2560 ut

305 2621 531 2715 quaestiones
571 2620 617 2692 ad
656 2619 826 2693 ordinem
868 2618 1078 2691 carminum
1120 2619 1429 2714 chronologicum

304 2753 547 2847 pertinentes,
575 2758 760 2848 quantum
785 2754 826 2826 in
851 2777 911 2826 me
936 2753 1016 2843 fuit,
1047 2752 1241 2828 solverem.

356 2885 499 2976 Quibus
526 2887 571 2961 de
597 2887 742 2962 ratione
769 2887 903 2961 edendi
937 2911 1049 2982 quam
1082 2886 1298 2960 brevissime
1332 2909 1427 2980 prae-

304 3018 431 3092 missis
456 3025 582 3111 restct,
610 3026 653 3092 ut
670 3020 808 3094 librum
825 3044 953 3093 meum
970 3019 1243 3116 benevolentiae
1260 3018 1427 3091 virorum

202 3191 207 3206 ·
305 3152 503 3226 doctorum
529 3178 582 3244 ea,
610 3179 680 3250 qua
708 3177 775 3247 par
808 3158 876 3242 est,
911 3153 1119 3225 reverentia
1152 3152 1428 3256 commendem.

354 3285 499 3358 Dabam
524 3285 772 3381 Budapestini
796 3310 926 3359 mense
952 3285 1088 3359 Martio
1115 3309 1145 3358 a.
1173 3282 1332 3380 MOMV.

934 3522 1055 3618 chzo
1080 3523 1263 3617 Na‘ucctby

734 3651 895 3706 Academiae
914 3652 1092 3705 Litterarum
1112 3651 1290 3720 Hungcrieae
1308 3651 1429 3705 sodalis.
