3306 4896
829 724 888 789 III.

339 867 415 930 Huc
435 867 513 931 edes
534 871 567 931 et
585 872 707 931 tenerae
727 866 862 930 morbos
883 867 1010 949 expelle
1029 867 1159 948 puellae,
1337 863 1387 916 IV·
1400 862 1426 916 4·

387 982 461 1046 Huc
481 981 571 1057 ades,
591 982 727 1046 intonsa
745 981 870 1045 Phoebe
890 982 1031 1064 superbe
1051 1002 1155 1044 coma.

343 1096 447 1163 Orode
466 1097 561 1172 mihi,
582 1117 743 1179 propera:
765 1118 826 1160 nec
845 1102 878 1160 te
898 1098 977 1173 iam,
997 1097 1130 1173 Phoebe,
1151 1094 1278 1178 pigebit

388 1212 557 1277 Formosa
576 1212 724 1276 medicas
744 1213 946 1295 applicuisse
965 1232 1095 1277 manus.

182 1335 188 1349 '
268 1357 284 1394 c
342 1327 455 1404 Effice,
477 1348 519 1390 ne
538 1328 662 1390 macies
682 1327 848 1408 pallentes
868 1329 1007 1408 occupet
1027 1330 1128 1404 artus,

388 1444 460 1507 Neu
479 1445 574 1507 notet
593 1442 749 1506 informis
768 1442 928 1524 languida
948 1442 1098 1505 membra
1117 1442 1217 1515 color,
1316 1488 1318 1492 .

342 1559 385 1622 Et
404 1559 636 1641 quodcumque
655 1559 737 1622 mali
757 1561 807 1622 est
827 1564 860 1622 et
881 1559 1043 1642 quidquid
1061 1558 1157 1622 triete
1176 1557 1344 1632 timemus,

389 1675 428 1738 In
447 1675 586 1756 pelagus
606 1675 730 1756 rapidis
751 1675 870 1739 evehat
891 1675 999 1738 amnis
1019 1675 1124 1757 aquis.

344 1788 474 1865 Sancte,
495 1789 582 1866 veni,
603 1793 780 1872 tecumque
801 1792 898 1864 feras,
920 1791 1119 1873 quicumque
1140 1809 1284 1871 sapores,

255 1937 287 1974 ιο
390 1906 598 1988 Quicumque
619 1908 652 1969 et
670 1909 789 1970 cantus
809 1925 948 1987 corpora
967 1907 1056 1970 fessa
1073 1907 1205 1970 levant:

344 2022 417 2085 Neu
436 2023 594 2084 iuvenem
612 2025 739 2103 torque,
761 2021 882 2084 metuit
901 2021 957 2103 qui
978 2021 1047 2085 fata
1066 2021 1185 2103 puellae

389 2136 541 2219 Votaque
560 2157 621 2218 pro
642 2136 780 2200 domina
797 2137 852 2202 vix
870 2137 1079 2201 numeranda
1099 2138 1187 2202 facit.

344 2254 518 2317 Interdum
536 2256 643 2329 vovet,
663 2253 845 2331 interdum,
866 2253 955 2336 quod
973 2255 1134 2336 langueat
1151 2253 1219 2330 illa,

389 2369 479 2432 Dicit
498 2369 533 2432 in
553 2372 696 2433 aeternos
715 2389 835 2452 aspera
853 2369 953 2436 verba
972 2370 1060 2435 deos.

257 2515 288 2552 ιε
345 2485 435 2548 Pone
455 2488 594 2561 metum,
615 2484 792 2549 Cerintho:
812 2485 895 2549 deus
913 2506 983 2549 non
1003 2485 1094 2550 laedit
1112 2488 1274 2560 amantes,

392 2601 441 2664 Tu
460 2599 559 2663 modo
579 2619 712 2682 semper
731 2620 825 2664 ama:
847 2600 939 2664 salva
958 2601 1070 2683 puella
1089 2601 1150 2664 tibi
1170 2603 1229 2664 est.

257 2747 288 2784 21
345 2714 401 2778 Nil
421 2735 505 2797 opus
525 2717 575 2778 est
593 2713 692 2777 fletu:
712 2715 861 2777 lacrimis
881 2715 944 2778 erit
963 2717 1074 2798 aptius
1094 2715 1153 2790 uti,

392 2827 428 2893 si
447 2830 579 2910 quando
601 2830 701 2892 luerit
720 2830 847 2894 tristior
865 2830 924 2894 illa
943 2830 1013 2893 tibi.

259 2979 288 3014 17
345 2948 389 3010 At
408 2967 497 3010 nunc
516 2950 588 3010 tota
605 2948 664 3010 tua
685 2949 743 3023 est,
765 2953 797 3011 te
819 2947 929 3010 solum
949 2947 1090 3011 candida
1110 2967 1223 3010 secum

392 3061 524 3143 Cogitet
544 3065 578 3126 et
596 3063 719 3127 frustra
740 3063 876 3126 credula
894 3064 991 3126 turba
1011 3063 1113 3127 sedet.
1155 3095 1159 3100 ·

346 3176 479 3253 Phoebe,
502 3180 593 3242 lave:
613 3179 689 3242 laus
709 3198 832 3260 magna
851 3178 911 3242 tibi
932 3180 1098 3243 tribuetur
1116 3180 1152 3242 in
1170 3199 1238 3242 uno

257 3323 291 3362 eo
393 3292 538 3375 Corpore
558 3298 689 3359 servato
706 3295 896 3358 restituisse
917 3294 1009 3359 duos.

260 3440 291 3477 2³
345 3407 419 3471 Iam
439 3408 579 3484 celeber,
599 3410 667 3473 iem
687 3410 782 3473 lectus
803 3411 877 3486 eris,
899 3430 975 3473 cum
996 3410 1108 3474 debita
1127 3409 1243 3473 reddet

393 3523 554 3588 Certatim
574 3525 698 3588 sanctis
717 3525 814 3588 laetus
834 3529 974 3607 uterque
994 3526 1085 3589 focis.

260 3669 291 3706 ιε
348 3639 439 3703 Tunc
458 3643 491 3703 te
511 3641 643 3704 felicem
663 3640 750 3705 dicet
769 3642 825 3724 pia
844 3641 942 3706 turba
961 3641 1108 3717 deorum,

393 3754 565 3839 Optabunt
584 3761 672 3820 artes
692 3760 724 3820 et
744 3757 806 3821 sibi
827 3758 966 3838 quisque
986 3759 1070 3820 tuas.
