3306 4896
547 1191 820 1274 risuum
848 1150 1168 1275 unaarum

504 1323 588 1404 nu
625 1323 843 1405 lucau
881 1321 1194 1407 SULPIOIAE

840 1643 864 1708 L

334 1774 483 1856 Sulpicia
496 1778 545 1838 est
560 1775 622 1837 tibi
638 1776 728 1839 culta
744 1777 822 1851 tuis,
839 1775 930 1840 Mars
947 1796 1081 1857 magne,
1095 1775 1266 1838 kalendis:
1330 1775 1380 1829 IV·
1394 1775 1419 1828 9·

382 1889 575 1972 Spectatum
595 1913 611 1954 e
632 1892 722 1969 caelo,
744 1893 773 1955 si
793 1893 894 1974 sapis,
916 1893 989 1972 ipse
1008 1892 1096 1955 veni.

335 2006 408 2069 Hoc
427 2006 540 2070 Venus
560 2009 730 2088 ignoscet:
749 2011 784 2070 at
803 2013 849 2085 tu,
870 2009 1026 2082 violente,
1048 2012 1173 2085 caveto,

380 2122 428 2183 Ne
446 2121 509 2184 tibi
528 2122 663 2186 miranti
683 2124 827 2206 turpiter
846 2109 938 2187 arma
957 2123 1087 2187 cadant

264 2267 279 2302 5
336 2236 433 2301 Illius
452 2257 492 2300 ex
511 2237 625 2313 oculis,
647 2259 723 2301 cum
742 2240 814 2302 vult
833 2259 969 2302 exurere
989 2239 1095 2314 divos,

382 2352 538 2416 Accendit
556 2354 709 2433 geminas
728 2352 902 2434 lampadas
922 2374 998 2418 acer
1015 2356 1127 2418 Amor.

335 2468 443 2543 lllam,
464 2468 625 2550 quidquid
644 2469 722 2550 agit,
744 2489 876 2551 quoquo
896 2471 1038 2551 vestigia
1057 2471 1171 2547 movit,

380 2582 559 2664 Componit
578 2584 694 2646 furtim
717 2583 995 2667 subsequiturque
1014 2585 1130 2649 Decor.

336 2697 403 2763 Seu
422 2699 521 2764 solvit
539 2700 658 2773 crines,
679 2700 762 2762 fusis
783 2699 876 2763 decet
896 2721 968 2764 esse
988 2701 1137 2782 capillis:
1196 2681 1198 2686 ¹

250 2845 279 2880 ιο
381 2813 448 2879 Seu
466 2816 618 2897 compsit,
639 2815 781 2896 comptis
802 2821 852 2880 est
869 2815 1061 2880 veneranda
1080 2817 1193 2879 comis.

336 2930 418 3007 Urit,
440 2951 500 2995 seu
518 2931 616 3014 Tyria
634 2931 741 2995 voluit
759 2932 938 3012 procedere
957 2931 1067 3013 palla:

380 3047 463 3121 Urit,
485 3066 544 3110 seu
562 3048 660 3110 nivea
679 3046 820 3109 candida
839 3050 930 3110 veste
950 3048 1052 3110 venit.

335 3160 424 3225 'Palis
443 3163 478 3224 in
498 3165 620 3225 aeterno
642 3162 720 3225 felix
738 3161 942 3225 Vertumnus
962 3161 1104 3244 Olympo

380 3275 476 3340 Mille
493 3278 594 3340 habet
614 3281 760 3352 ornatus,
781 3278 875 3341 mille
894 3278 1049 3341 decenter
1068 3278 1178 3342 habet.

249 3423 277 3458 15
336 3391 415 3456 Sola
432 3392 622 3475 puellarum
643 3393 744 3473 digna
765 3397 823 3469 est,
845 3395 898 3456 cui
918 3394 1036 3457 mollia
1055 3393 1140 3457 caris

379 3508 512 3572 Vellera
530 3508 586 3570 det
606 3509 693 3572 sucis
713 3508 764 3572 bis
784 3509 971 3573 madefacta
990 3509 1102 3592 Tyros,

335 3623 583 3706 Possideatque,
604 3625 701 3686 metit
721 3624 881 3705 quidquid
901 3625 985 3687 bene
1007 3624 1283 3688 olentibusearvis

380 3740 496 3805 Cultor
515 3741 659 3804 odoratas
680 3741 771 3804 dives
792 3739 897 3802 Arabs
917 3739 1039 3821 segetis

334 3857 376 3919 Et
396 3876 620 3938 quascumque
640 3857 735 3937 niger
753 3854 854 3918 rubro
875 3854 914 3917 de
934 3855 1032 3918 litore
1051 3873 1200 3934 gemmas
1269 3874 1272 3878 ·
1326 3889 1347 3912 μ
1374 3877 1383 3906 2

248 3999 278 4035 ρο
379 3971 553 4034 Proximus
574 3973 643 4035 eois
663 3971 791 4050 colligit
810 3970 914 4033 ludus
934 3971 1038 4051 aquis.

334 4085 431 4148 Hanc
450 4107 518 4162 vos,
539 4087 696 4164 Pierides,
719 4085 817 4170 festis
833 4090 965 4148 cantate
985 4083 1146 4159 kalendis,

378 4201 421 4263 Et
440 4201 629 4264 testudinea
648 4201 771 4265 Phoebe
791 4201 932 4282 superbe
952 4201 1032 4282 lyra.
