3268 4896
606 420 649 464 sn
664 420 687 464 1.
705 418 733 479 c,
750 416 876 464 ss-ss.
1257 395 1307 449 159

40 619 42 624 ·
176 601 244 661 stat
263 597 305 661 ab
336 597 493 662 omnibus
516 596 687 680 periculis.
706 633 746 639 —
769 595 927 671 tenebris,
958 595 1031 658 sine
1059 595 1306 677 praepositione,

175 717 216 777 ut
242 715 331 777 infra
358 714 383 776 Ι.
404 714 433 787 6,
455 713 509 777 57.
538 715 571 775 61
598 711 640 774 H.
666 713 692 786 1,
715 712 767 774 76.
790 713 823 772 et
841 708 899 773 Ov.
920 711 995 774 Am.
1014 709 1039 773 I.
1062 710 1091 782 6,
1116 710 1166 772 10.
1186 747 1230 752 --
1249 708 1309 795 qui

178 846 325 911 corporo
351 829 444 913 ferro
469 825 637 902 Vulnerat,
668 846 712 890 sc.
744 824 856 907 praedo
885 823 1040 906 quidem3
1070 825 1109 886 cf.
1130 823 1229 906 Prop.
1247 822 1307 887 HL

86 1011 93 1027 ,
183 944 232 1017 16,
258 945 406 1007 11-1s:
431 942 515 1005 «Nec
543 945 659 1006 tamen
688 944 740 1004 est
767 940 954 1023 quisquam,
985 959 1096 1004 sacros
1125 941 1181 1021 qui
1209 938 1310 1003 laedat

181 1063 343 1129 amantes,
365 1057 513 1123 Scironis
531 1057 643 1121 media
662 1057 708 1121 sio
736 1057 816 1118 licet
843 1056 892 1118 ira
911 1055 999 1130 via»;
1028 1054 1139 1118 locum
1158 1055 1311 1117 imitatur

179 1172 262 1254 eleg.
282 1172 307 1236 Ι.
328 1171 367 1236 (16
397 1171 491 1236 obitu
519 1172 612 1236 Maeo.
632 1174 766 1237 sie—30
785 1171 974 1250 (Baehrenst
994 1169 1093 1233 PLM.
1114 1170 1138 1233 I.
1160 1190 1191 1252 p.
1217 1172 1310 1249 130):

185 1288 310 1352 «Nocte
330 1289 392 1352 sub
412 1288 555 1352 obscura
573 1287 699 1369 quiste
718 1286 859 1351 violavit
877 1290 1073 1351 amantem?
1091 1285 1173 1365 Quis
1200 1288 1311 1369 tetigit

182 1406 280 1478 ferro,
302 1403 417 1468 durior
444 1405 527 1486 ipse,
557 1404 686 1468 latusfs
709 1441 754 1447 —
767 1402 943 1487 praemio.
968 1454 974 1467 .
996 1403 1125 1485 .peioi‚
1151 1402 1309 1482 praedam,

181 1523 220 1583 ut
239 1520 336 1602 Prop.
356 1520 416 1585 ΠΙ.
441 1522 490 1596 13,
511 1521 564 1584 46.
588 1520 627 1583 de
645 1523 825 1583 venatore:
850 1516 944 1582 «Sive
964 1518 1052 1599 petis
1071 1517 1199 1581 calamo
1228 1538 1310 1600 prse-

181 1634 251 1698 mia
287 1637 355 1698 sive
389 1655 503 1699 cana»,
533 1634 667 1699 Naevius
695 1632 788 1699 Gom.
816 1655 864 1698 vs.
899 1636 936 1697 17
965 1632 1015 1696 ed.
1035 1631 1183 1697 Ribbeck
1211 1634 1313 1716 (apud

181 1751 265 1816 Non.
287 1773 313 1815 o.
338 1753 410 1826 150,
432 1753 486 1830 11)
504 1749 761 1834 praemioiorem
777 1752 985 1814 nocturnum
1001 1749 1310 1832 vocatpraedonem,

187 1867 244 1949 qui
263 1866 397 1931 insidiis
425 1868 599 1931 nocturnis
618 1864 765 1948 praedam
786 1865 912 1947 quaerit.
932 1900 977 1907 -
1000 1861 1166 1949 Quisquis
1194 1883 1313 1930 amoro

186 1987 337 2064 tenetur.
364 1986 418 2050 cut
452 1984 612 2066 tutusque
647 1998 810 2064 sacerque
848 1978 1028 2058 Qualibet:
1060 1977 1208 2045 insidias
1242 1999 1313 2046 ooo

188 2100 342 2166 timuisse
361 2097 463 2181 (icosi,
483 2096 599 2162 eadem
619 2097 787 2160 sententia
807 2096 895 2179 apud
910 2097 1007 2178 Prop.
1021 2097 1080 2160 ΙΠ.
1099 2098 1312 2174 1613—14:

193 2215 370 2297 «Quisquis
391 2218 521 2278 amator
540 2213 611 2287 erit,
634 2210 797 2292 Scythicis
816 2212 896 2274 licet
925 2213 1073 2276 ambulet
1101 2213 1187 2278 oris:
1208 2212 1313 2277 Nemo

186 2330 278 2406 adeo,
295 2333 334 2394 ut
352 2332 481 2403 noceat,
502 2328 663 2393 barbarus
683 2347 756 2391 asse
773 2328 887 2391 velit».
901 2365 946 2371 —
965 2346 1138 2416 sacerque,
1159 2333 1197 2391 ut
1216 2329 1312 2413 Prop.

185 2445 243 2509 HL
268 2447 318 2520 16,
342 2447 402 2508 11:
426 2463 556 2507 «sacros
576 2447 759 2507 amantes».
779 2442 956 2507 Amatores
985 2443 1071 2507 sacri
1090 2443 1312 2525 appellantur,

186 2560 264 2640 quia
282 2558 424 2623 Veneris
442 2559 479 2621 in
498 2559 605 2621 tutela
624 2563 711 2622 sunt.

231 2675 268 2738 V.
291 2677 433 2740 sii-32.
448 2672 526 2739 Nou
548 2673 634 2738 mihi
650 2672 755 2760 pipro
774 2677 896 2740 uocant
916 2673 1067 2740 hibernes
1085 2674 1315 2760 1119616666-

189 2790 242 2866 iis,
264 2788 345 2854 Nori
362 2788 460 2869 mihi,
480 2809 560 2854 cum
578 2771 691 2856 inuito
710 2790 835 2856 decidit
854 2791 964 2856 imber
984 2810 1086 2875 aquo,
1107 2796 1145 2855 ut
1163 2790 1222 2855 Ov.
1242 2791 1314 2855 Am.

188 2905 265 2979 La,
294 2907 444 2969 15—16:
469 2904 570 2983 «Quis
597 2905 664 2969 nisi
692 2905 746 2970 vel
775 2905 873 2970 miles
902 2906 955 2969 vel
984 2926 1100 2970 amans
1132 2910 1165 2968 et
1193 2907 1317 2988 frigora

190 3021 300 3085 noctis
318 3020 362 3083 Et
380 3020 485 3085 denso
504 3022 626 3086 mixtas
645 3024 790 3104 perferat
808 3021 914 3085 imbre
934 3022 1071 3088 nivosi»
1087 3059 1131 3064 —
1143 3021 1250 3107 pigro
1264 3073 1270 3084 .
1284 3071 1315 3086 ..

194 3136 344 3203 iioeiaae
371 3136 506 3223 frigora
526 3137 648 3214 ‘sociis
670 3138 749 3220 quia
777 3157 898 3218 corpus
927 3137 1048 3218 frigore
1078 3139 1256 3218 torpescit3
1276 3139 1316 3202 cf.

190 3251 247 3317 Ov.
276 3253 349 3316 Am.
381 3252 439 3315 ΠΙ.
474 3254 503 3327 6,
535 3254 598 3317 94:
632 3252 740 3331 «Quas
771 3253 833 3316 tibi
864 3252 997 3317 divitias
1025 3255 1120 3335 pigra
1148 3255 1318 3317 ministrat

190 3371 316 3434 hiems»
323 3391 332 3444 3
351 3369 447 3451 Verg.
470 3367 528 3433 Ge.
548 3368 603 3432 IV.
637 3371 712 3432 159.
744 3369 784 3432 de
816 3369 954 3451 apibus:
979 3374 1166 3433 «contracto
1197 3370 1317 3450 frigore

189 3485 325 3566 pigram
355 3482 468 3548 Senso.
498 3483 548 3547 De
576 3485 626 3548 ira
650 3484 690 3549 ΙΙ.
715 3487 764 3560 19,
787 3488 825 3549 1ε
850 3485 980 3566 «frigidi
1009 3484 1153 3547 mixtura
1181 3483 1319 3548 timidos

190 3600 278 3669 facit,
309 3599 443 3680 pigrum
471 3603 521 3662 est
549 3600 640 3662 enim
669 3603 942 3681 contractumque
970 3600 1107 3680 frigus».
1136 3636 1181 3642 —
1207 3600 1320 3665 molta

190 3711 315 3779 decidii
332 3712 444 3778 imber
463 3733 565 3799 aqua,
586 3719 624 3778 ut
643 3713 700 3778 Ov.
714 3715 803 3778 Fast.
825 3715 866 3777 Π.
887 3715 972 3778 494:
997 3714 1057 3776 «Et
1075 3713 1185 3794 gravis
1205 3712 1318 3777 effusis

192 3827 315 3892 decidit
343 3829 450 3892 imber
478 3831 605 3912 aquis».
632 3828 681 3892 Of.
710 3828 791 3892 Hor.
822 3827 930 3892 Garm.
960 3828 1018 3891 HI.
1044 3830 1092 3900 10,
1118 3828 1256 3891 19-10.
1278 3827 1319 3890 ds

192 3964 227 4006 se
247 3950 324 4008 ante
345 3944 432 4007 fores
454 3946 568 4008 amicae
589 3949 718 4008 stante:
743 3945 837 4007 «Non
857 3946 920 4007 hoo
949 3963 1080 4024 sempor
1100 3944 1163 4006 erit
1190 3943 1320 4006 liminis

192 4064 250 4123 aut
277 4079 371 4142 aquae
400 4058 550 4124 Caelestis
578 4063 712 4142 petiens
741 4062 847 4124 latus»
873 4068 905 4121 et
929 4058 986 4122 Ov.
1006 4057 1043 4121 A.
1061 4059 1097 4121 A.
1119 4059 1160 4121 II.
1183 4060 1257 4122 237.
1279 4058 1319 4121 de

193 4178 361 4238 amatore:
386 4172 497 4255 «saepe
527 4178 612 4239 feras
641 4175 781 4239 imbrem
811 4175 935 4237 caelesti
963 4174 1051 4238 nube
1077 4175 1254 4238 solutum».
1276 4210 1321 4217 -
