3268 4896
640 451 683 496 rr>
698 453 722 498 1.
739 450 766 511 a,
785 449 892 498 1-1s,
1297 430 1329 484 9¹

200 626 396 692 efficiendus
416 630 475 704 est
497 645 586 704 nam,
609 626 698 711 quod
717 628 869 692 animum
888 627 1010 710 puelloe
1030 629 1149 691 amatae
1170 625 1235 690 sibi
1253 645 1331 690 eon-

200 744 312 807 eiliare
341 744 461 827 potuit,
481 743 614 807 Tibullo
642 741 741 806 debet
760 743 927 822 (39-46).
948 743 1046 808 Nunc
1072 741 1176 825 pudet
1198 745 1333 825 poetam

199 859 315 923 leudes
335 859 482 924 Maratbi
503 857 664 923 cecinisse
685 877 827 940 sumque
846 859 965 941 procul
984 859 1101 923 abesse
1120 857 1214 921 iubet
1232 858 1333 936 (47-

199 976 262 1054 52).
292 974 376 1038 Tum
406 975 595 1056 corruptori
622 975 704 1049 eius,
736 972 809 1038 seni
837 973 971 1038 cuidam
999 974 1099 1056 turpi,
1135 973 1333 1054 gravissime

199 1091 290 1154 mela
316 1091 540 1173 imprecatur:
570 1090 667 1154 fallat
686 1110 764 1154 eum
784 1110 867 1153 uxor
895 1090 1039 1154 assiduis
1060 1088 1145 1154 dolis
1164 1090 1330 1168 (53474).

197 1206 239 1271 In
263 1205 330 1270 fine
358 1206 482 1270 iterum
511 1207 547 1269 in
576 1205 770 1270 Marathum
799 1206 970 1271 invehitur
1001 1225 1101 1288 seque
1129 1224 1208 1268 mox
1226 1205 1332 1267 alium

198 1339 348 1404 puerum,
385 1339 485 1403 quem
520 1322 620 1396 amet,
657 1319 873 1384 inventurum
907 1320 1104 1403 Venerique,
1141 1319 1169 1382 si
1203 1317 1331 1382 infelici

199 1455 313 1500 amore
341 1437 538 1513 resolvatur,
570 1436 694 1500 donum
714 1437 868 1500 votivum
887 1435 1044 1500 daturum
1064 1434 1145 1499 dicit
1164 1434 1329 1513 (75-84).

242 1551 279 1615 V.
318 1553 411 1615 1-6.
443 1551 618 1616 miserae.
646 1600 652 1615 .
679 1601 686 1617 .
714 1571 862 1631 accersa,
897 1552 953 1635 qui
989 1553 1104 1616 miseri
1139 1552 1218 1616 faeti
1252 1553 1331 1614 sunt

197 1667 345 1750 periurio
364 1666 521 1730 Marathi.
542 1704 588 1710 —
607 1665 762 1732 Foedera
784 1686 851 1752 per
878 1666 1002 1733 dicos.
1025 1711 1033 1731 .
1053 1718 1059 1730 .
1082 1666 1202 1745 dudae,
1230 1663 1331 1730 fidem

198 1781 311 1860 debas,
332 1783 467 1848 iurabas
487 1804 547 1866 per
565 1782 657 1859 deos,
680 1789 718 1847 ut
736 1783 794 1848 Ov.
815 1785 895 1848 Met
916 1785 957 1848 H.
981 1787 1065 1849 757:
1091 1786 1226 1847 «contra
1254 1782 1332 1845 data

197 1898 341 1962 foedere»
364 1919 445 1980 pro:
475 1901 592 1962 contre
621 1898 733 1962 datam
763 1899 872 1963 fidem.
893 1936 938 1943 -—
957 1896 1044 1964 Sera
1074 1900 1189 1963 tumea
1217 1896 1331 1962 tacitis

198 2012 315 2082 Poetae
334 2017 426 2081 vetit
440 2014 600 2100 pedibus,
619 2016 722 2079 Peene
751 2013 987 2098 personificata
1007 2033 1080 2077 sera
1099 2013 1217 2092 (tarda)
1234 2032 1330 2077 voca·

196 2132 260 2206 tur,
294 2132 332 2194 ut
362 2130 443 2194 Hor.
477 2129 584 2194 Carm.
618 2130 677 2193 ΙΠ.
701 2134 729 2206 l,
764 2133 914 2195 31-32:
939 2129 1046 2196 «Raro
1077 2129 1331 2194 antecedentem

198 2246 379 2310 scelestum
406 2246 563 2310 Deseruit
593 2245 678 2327 pede
707 2246 809 2308 Poena
833 2244 987 2321 elaud0»;
1017 2244 1161 2310 conferri
1188 2246 1332 2328 possunt

188 2361 287 2444 ¹apud
322 2355 455 2426 Graec'cs
489 2357 707 2446 ὁστερόποινος
742 2359 814 2426 Ἄτα
848 2362 977 2440 (Aescb.
1008 2361 1144 2442 chaph.
1183 2361 1271 2441 383.)
1299 2362 1332 2423 et

198 2476 388 2549 ὀπισθόπους
418 2476 508 2564 Δίκη.
532 2477 572 2541 de
593 2498 659 2560 qua
683 2477 798 2560 Eurip.
820 2479 858 2541 fr.
881 2479 956 2542 969,
976 2478 1035 2542 N.:
1064 2474 1149 2540 ἀλλὰ
1177 2483 1249 2557 σῖγα
1276 2478 1331 2541 καὶ

199 2593 308 2676 βραδεῖ
339 2593 409 2656 ποδὶ
446 2592 619 2678 Στείχουσα
654 2597 771 2679 μάρψει
805 2595 874 2665 τοὺς
910 2593 1039 2669 κακούς,
1071 2590 1142 2656 ὅταν
1178 2596 1268 2678 τύχῃ.
1287 2628 1331 2634 -
1376 2663 1382 2678 ⁴

197 2705 286 2773 Sera
305 2757 313 2772 .
334 2755 341 2772 .
363 2755 370 2772 .
391 2706 518 2787 Posce,
539 2713 577 2772 ut
596 2709 689 2791 Prop.
711 2709 770 2772 ΠΙ.
787 2711 815 2784 6,
832 2711 894 2772 32:
919 2708 1039 2771 «Poena
1057 2707 1121 2772 erit
1139 2710 1218 2770 ante
1236 2725 1330 2770 meos

198 2843 281 2898 sera,
304 2823 364 2887 sed
383 2825 508 2908 ampla,
528 2824 663 2907 pedes».
676 2861 720 2868 —--
732 2843 883 2909 aequum
902 2826 952 2888 est
972 2823 1112 2906 impune
1132 2822 1231 2888 licere
1250 2819 1329 2888 Nu·

197 2938 296 3003 mirra
323 2939 488 3025 scuacsis
519 2937 652 3005 laedere
680 2942 795 3004 vestra
823 2938 936 3012 seruet,
960 2938 1050 3002 idem
1078 2940 1173 3020 optat
1192 2937 1331 3002 Ovidius

197 3052 353 3118 Corinnae
382 3053 453 3116 Am.
483 3053 525 3116 H.
560 3056 609 3130 14,
638 3055 792 3118 43-44:
817 3052 878 3117 «Di
905 3053 1031 3127 faciles,
1052 3071 1206 3134 peccasse
1227 3051 1331 3116 semel

196 3168 368 3233 concedite
390 3171 472 3246 tuto,
492 3168 536 3232 Et
556 3169 637 3232 setis
658 3171 708 3232 est
726 3189 862 3251 poenam
882 3170 980 3251 culpe
1000 3167 1147 3233 secunda
1167 3170 1331 3231 ierat».-

194 3284 373 3370 scrruost'S,
391 3285 431 3347 ef.
453 3284 528 3347 adn.
550 3303 652 3366 supra
672 3285 713 3348 sd
732 3285 757 3348 I.
778 3287 809 3358 4,
833 3287 861 3348 3.

241 3399 279 3464 V.
301 3401 422 3463 7-12.
443 3397 573 3465 babiti.
589 3451 596 3464 .
610 3449 618 3464 .
634 3403 766 3480 aratro,
778 3399 944 3465 vertendae
964 3404 1060 3464 terrae
1081 3403 1168 3480 apto.
1181 3397 1332 3482 —uryct

196 3534 296 3599 apua,
315 3517 395 3580 totis
413 3515 541 3579 viribus
560 3486 735 3590 incumbit,
755 3517 793 3579 ut
812 3517 914 3578 etiam
934 3515 991 3580 Ov.
1012 3515 1092 3579 Met.
1113 3515 1167 3578 IV.
1191 3515 1263 3578 390.
1284 3547 1330 3558 -

196 3630 379 3696 instabiles
399 3679 407 3696 .
429 3681 436 3696 .
457 3679 464 3693 .
484 3634 589 3710 lutee,
618 3632 746 3695 incerto
776 3634 870 3694 motu
889 3629 1102 3706 fluctuantes,
1121 3634 1160 3693 ut
1178 3629 1267 3694 infre
1284 3627 1326 3692 Π.

197 3749 227 3825 3,
256 3747 320 3810 4οε
346 3744 474 3809 «dubiis
506 3747 667 3821 ratibus»;
698 3748 738 3809 cf.
768 3746 864 3829 Verg.
899 3745 957 3810 Ge.
989 3746 1043 3809 IV.
1078 3747 1161 3810 195:
1185 3745 1328 3828 «cymbae

194 3861 390 3925 instabiles»
414 3863 447 3924 et
466 3859 524 3925 Ov.
545 3861 625 3925 Met
646 3861 690 3925 II.
714 3863 909 3926 163—164:
935 3862 1062 3944 «thue
1085 3861 1202 3960 labant
1221 3880 1327 3925 curvae
1357 3908 1358 3914 κ

195 3978 285 4040 iusto
317 3978 390 4041 sine
419 3967 567 4058 pendere
598 3997 701 4041 naves
731 3978 858 4060 Perque
889 3998 980 4040 mare
1010 3978 1187 4042 instabiles
1221 3976 1329 4040 nimia

195 4093 332 4156 levitate
344 4093 529 4156 feruntur».
542 4129 586 4136 -
595 4091 712 4157 sidera
721 4095 825 4172 certa,
839 4113 912 4175 quae
924 4093 1013 4156 viam
1024 4094 1114 4157 certo
1127 4095 1326 4168 monstrant,

195 4211 233 4271 ut
260 4207 342 4271 Hor.
370 4206 478 4271 Germ.
508 4207 551 4271 ΙΙ,
585 4209 633 4284 16,
666 4209 772 4272 3--4ε
797 4227 923 4290 «neque
942 4211 1033 4271 certa
1059 4208 1190 4288 fulgent
1213 4205 1328 4272 Sidera
