3306 4896
730 451 766 494 11.
789 449 813 493 1.

253 621 341 689 Rure
360 645 446 708 puer
463 644 566 689 verno
585 627 733 708 primum
753 626 792 689 de
811 625 894 689 flore
913 645 1073 689 coronam

297 741 391 807 Fecit
411 748 444 806 et
464 741 611 823 antiquis
631 743 793 824 imposuit
813 742 965 807 Laribus.

254 855 342 920 Rure
365 857 467 921 etiam
486 859 611 920 teneris
632 877 747 921 curam
767 859 955 922 exhibitura
973 858 1096 940 puellis

302 971 405 1036 Molle
425 972 512 1054 gerit
530 977 623 1055 tergo
643 973 754 1037 lucida
773 975 881 1038 vellus
900 975 981 1038 ovis.

256 1088 344 1152 Hinc
365 1092 397 1151 et
416 1089 583 1152 femineus
602 1089 697 1152 labor
717 1093 775 1160 est,
797 1089 877 1152 hine
896 1110 1002 1171 pensa
1022 1091 1189 1170 colusque,

301 1205 411 1269 Fusus
431 1209 464 1267 st
483 1205 637 1286 apposito
657 1205 780 1287 pollice
799 1209 911 1268 versat
930 1226 1033 1287 opus:

255 1321 362 1402 Atque
384 1322 496 1403 aliqua
516 1319 662 1384 adsidua
681 1321 802 1384 textrix
821 1326 959 1402 operata
978 1320 1138 1385 Minervae

303 1437 424 1501 Cantct
444 1440 477 1500 et
496 1437 659 1519 applausu
679 1438 747 1500 tela
767 1440 865 1500 sonat
884 1437 998 1500 latere.

257 1551 333 1634 Ipse
353 1572 484 1635 quoque
503 1552 593 1616 inter
613 1573 710 1634 agros
729 1554 883 1634 interque
903 1560 1055 1618 armenta
1075 1552 1204 1635 Cupido

303 1669 409 1734 Natus
430 1673 463 1732 et
481 1666 664 1733 indomitas
684 1670 806 1732 dicitur
825 1670 914 1733 inter
933 1690 1043 1751 eques.

257 1783 331 1846 Illic
350 1783 484 1846 indocto
504 1785 653 1865 primum
673 1805 708 1847 se
729 1786 875 1847 exercuit
895 1804 991 1846 arcu:

303 1899 343 1961 Ei
362 1899 457 1974 mihi,
479 1919 579 1982 quam
599 1899 713 1964 doctas
732 1921 822 1963 nune
842 1901 943 1964 hebet
960 1901 1018 1963 ille
1039 1900 1178 1962 manus!

260 2015 326 2078 Nec
345 2013 500 2098 pecudes,
521 2017 614 2078 velut
633 2020 721 2088 ante,
743 2017 846 2097 petit:
866 2015 976 2079 fixisse
997 2016 1127 2097 puellas

306 2131 416 2197 Gestit
436 2137 468 2195 et
488 2131 630 2196 audaces
650 2132 882 2214 perdomuisse
902 2132 1000 2195 viros.

262 2248 326 2310 Hic
345 2249 458 2311 iuveni
479 2246 621 2310 detraxit
640 2267 731 2329 opes,
752 2248 807 2310 hic
828 2247 936 2310 dicere
957 2247 1054 2310 iussit

307 2364 426 2428 Limen
446 2363 488 2426 ad
506 2366 600 2428 iratae
619 2365 720 2429 verba
739 2363 896 2445 pudenda
916 2383 1050 2426 senem:

262 2479 336 2543 Hoc
354 2481 438 2543 duce
457 2479 613 2543 custodes
633 2480 749 2542 furtim
768 2484 977 2560 transgressa
995 2480 1144 2543 iacentes

307 2596 357 2659 Ad
375 2599 531 2660 iuvenem
551 2597 698 2660 tenebris
719 2598 791 2660 sola
809 2598 924 2677 puella
942 2598 1034 2660 venit

263 2719 305 2781 Et
324 2717 465 2800 pedibus
484 2718 695 2797 praetemptat
714 2713 782 2776 iter
798 2733 961 2794 suspensa
980 2713 1112 2786 timore,

308 2833 469 2913 Explorct
487 2850 591 2894 caecas
611 2829 665 2891 cui
684 2848 805 2890 manus
827 2829 903 2890 ante
923 2827 1004 2889 vias.

264 2949 292 3010 A
311 2947 436 3021 miseri,
458 2966 541 3027 quos
561 2946 615 3007 hic
634 2944 780 3025 graviter
798 2944 880 3007 deus
898 2943 1013 3023 urget!
1034 2942 1076 3004 At
1095 2943 1152 3004 ille

308 3063 411 3138 Felix,
432 3063 486 3125 cui
505 3061 657 3142 placidus
676 3061 798 3123 leniter
817 3057 920 3123 adflat
937 3059 1050 3121 Amor.

265 3178 395 3254 Sancte,
415 3179 494 3243 veni
514 3177 654 3259 dapibus
674 3176 777 3250 festis
800 3175 859 3238 sed
876 3193 965 3256 pone
985 3175 1124 3256 sagittas

309 3296 352 3359 Et
369 3297 488 3377 procul
508 3295 663 3357 ardentes
682 3292 761 3354 hinc
780 3310 898 3373 precer
918 3289 1001 3354 abde
1022 3291 1120 3353 faces.

266 3413 333 3476 Vos
352 3413 518 3476 celebrem
538 3413 670 3472 cantate
691 3407 791 3470 deum
809 3407 988 3488 pecorique
1009 3407 1124 3467 vocate
1226 3439 1232 3452 =

309 3528 416 3593 Voce:
437 3529 551 3610 palum
570 3525 692 3607 pecori,
714 3526 801 3587 elam
822 3523 885 3586 sibi
905 3523 1045 3604 quisque
1064 3523 1168 3584 vocet.

232 3691 234 3696 -
266 3646 332 3710 Aut
352 3646 454 3709 etiam
474 3644 538 3709 sibi
557 3644 697 3724 quisque
717 3641 848 3723 palam:
870 3659 950 3702 nam
968 3639 1068 3701 turba
1085 3638 1198 3700 iocosa

312 3760 482 3844 Obstrepit
502 3764 534 3823 et
553 3759 698 3840 Phrygio
717 3758 800 3821 tibia
820 3775 921 3819 curva
941 3773 1033 3817 senc.

268 3878 407 3942 Ludite:
427 3877 496 3940 iam
516 3876 588 3939 Nox
605 3873 716 3956 iungit
737 3892 849 3954 equos,
872 3889 1071 3950 currumque
1091 3869 1278 3948 sequuntur

312 3993 431 4058 Matris
449 3991 575 4055 lascivo
596 3988 706 4052 sidera
725 3988 818 4051 fulva
838 3987 949 4058 choro,

234 4108 241 4122 '
268 4110 412 4192 Postque
431 4107 525 4171 venit
543 4106 665 4169 tacitus
685 4103 790 4165 furvis
811 4098 1036 4164 circumdatus
1056 4097 1118 4160 alis

315 4224 460 4290 Somnus
481 4226 513 4286 et
532 4223 660 4286 incerto
682 4217 821 4282 Somnia
839 4218 936 4296 nigre
955 4214 1049 4297 pede.
1094 4273 1096 4277 .
