3306 4896
729 462 772 508 1v.
789 461 816 506 2.
834 461 860 506 3.

277 641 351 706 Hoc
371 635 534 705 sollemne
554 659 686 704 sacrum
705 637 830 701 multos
851 638 929 700 huic
948 639 1055 700 fumet
1074 637 1109 699 in
1130 656 1259 700 annos:

322 756 463 838 Dignior
483 761 532 819 est
551 759 661 820 vestro
681 755 776 816 nulle
794 754 908 834 puelle
927 753 1039 817 choro.

775 1070 816 1134 ΙΙ.

278 1217 379 1280 Parce
398 1237 473 1281 mcc
493 1217 617 1291 iuveni,
639 1237 698 1278 seu
717 1215 792 1297 quis
811 1213 900 1278 bone
919 1234 1043 1296 pascue
1063 1213 1172 1293 campi
1327 1210 1377 1262 IV·
1391 1209 1418 1262 3.

325 1331 391 1398 Seu
410 1334 492 1396 colis
511 1332 662 1396 umbrosi
681 1331 778 1395 devie
797 1331 923 1394 montis
943 1350 1033 1411 uper,

279 1447 345 1511 Nec
365 1447 427 1510 ribi
446 1448 490 1510 sis
509 1449 610 1512 duros
630 1447 759 1510 acuisse
779 1447 815 1509 in
834 1446 952 1526 prcelic
972 1447 1109 1508 dentes:

324 1563 531 1630 Incolumem
551 1565 663 1626 custos
682 1563 772 1625 hunc
791 1562 876 1624 mihi
897 1563 1005 1624 servet
1025 1561 1135 1626 Amor.

282 1677 346 1743 Sed
363 1680 480 1762 procul
500 1678 633 1743 abducit
651 1676 798 1742 venandi
816 1676 913 1740 Delia
933 1696 1031 1739 curs:

327 1793 511 1877 Operceni
531 1795 622 1858 silvae
643 1792 863 1875 deficiuntque
883 1791 1003 1855 ccnes!

283 1908 363 1987 Quis
383 1911 476 1973 furor
495 1913 553 1984 est,
575 1930 647 1991 quae
667 1929 772 1982 mene,
795 1908 916 1971 densos
937 1906 1098 1994 indagine·
1115 1906 1217 1969 colles

327 2021 545 2088 Claudeniem
564 2029 697 2087 teneras
717 2022 835 2086 laedere
857 2023 940 2086 veile
960 2027 1106 2085 manus?

283 2137 410 2216 Quidve
429 2140 522 2203 iuvat
541 2139 656 2202 furtim
676 2138 820 2201 latebras
839 2139 965 2201 intrare
986 2138 1129 2200 ferarum

327 2251 707 2336 Candidaquehsmctis
726 2272 824 2316 crure
843 2259 960 2316 notare
978 2253 1097 2316 rubis?

284 2366 348 2432 Sed
367 2371 490 2444 tumen,
511 2374 550 2433 ut
567 2373 677 2432 tecum
697 2369 806 2443 liceat,
828 2367 994 2442 Cerinche,
1016 2369 1138 2450 rugari,

327 2483 407 2566 Ipsa
426 2506 485 2567 ego
505 2506 564 2569 per
583 2488 716 2550 montes
735 2487 819 2548 retis
837 2490 925 2548 tortu
944 2486 1061 2560 ferum,

284 2600 361 2682 Ipse
381 2623 441 2684 ego
461 2603 584 2666 velocis
605 2623 751 2685 quaersm
771 2601 912 2680 vestigia
931 2602 1019 2663 cervi

328 2716 371 2779 Ec
389 2718 521 2781 demum
540 2720 640 2781 celeri
661 2722 766 2780 ferres
785 2715 895 2777 vincla,
914 2717 1000 2778 ceni.

283 2829 375 2894 Tunc
394 2834 487 2908 mihi,
509 2839 588 2897 tunc
607 2835 762 2916 1111111111
782 2831 872 2893 silvae
893 2831 930 2906 si,
952 2831 1010 2894 lux
1031 2852 1115 2906 mea,
1137 2835 1247 2896 tecum

328 2947 457 3028 Arguar
475 2952 552 3011 unte
571 2949 663 3029 ipsas
683 2946 902 3010 concubuisse
921 2948 1056 3028 plagas:

284 3061 375 3126 Tunc
394 3063 507 3126 veniat
524 3064 603 3127 iicet
622 3062 664 3126 sd
683 3083 803 3140 casses,
823 3065 961 3127 inlaesus
981 3063 1093 3138 abibit,

329 3180 377 3243 Ne
396 3178 534 3246 Veneris
554 3180 681 3261 cupidae
700 3180 821 3261 gaudis
841 3179 961 3255 turbet,
983 3199 1071 3260 sper.

285 3294 378 3359 Nunc
400 3299 472 3360 sine
491 3317 544 3360 me
565 3298 609 3360 sit
628 3297 722 3360 nulia
742 3296 864 3371 Venus,
887 3296 944 3359 sed
965 3297 1037 3377 lege
1057 3295 1182 3371 Dianae,

330 3411 426 3478 Ceste
446 3429 538 3495 puer,
561 3418 651 3476 cesta
670 3413 755 3474 retia
775 3418 875 3492 tange
894 3432 1017 3476 manu:

284 3529 326 3591 Er
345 3550 558 3611 quaecumque
578 3549 653 3592 meo
674 3528 789 3593 furtim
809 3529 958 3610 subrepit
977 3527 1095 3602 amori,

328 3644 458 3708 incidat
475 3647 512 3707 in
532 3665 636 3708 saevus
656 3645 843 3726 diripienda
863 3647 959 3708 ferus.

283 3760 327 3824 At
345 3765 382 3824 tu
400 3761 546 3824 venandi
566 3761 714 3824 studium
734 3761 876 3824 concede
896 3760 1036 3841 parenti,

328 3878 371 3940 Et
390 3879 476 3942 celer
494 3881 530 3942 in
549 3883 684 3942 nostros
703 3880 774 3960 ipse
794 3898 925 3941 recurre
946 3878 1048 3941 sinus.
