3306 4896
346 459 381 513 68
794 482 837 524 uo
852 482 875 525 1.
893 479 919 539 a,
939 479 1027 525 1—6.

348 661 426 720 ante
437 658 551 721 oculos
565 656 1069 740 habuilpoeiasAlexandrinos,
1084 677 1226 739 quorum
1236 657 1475 740 Euphronius*

347 773 411 836 hoc
431 794 537 854 genus
557 774 716 837 carminis
736 774 880 836 maxime
909 773 1092 836 excoluisse
1121 772 1260 848 videtur,
1291 778 1323 837 et
1341 773 1476 837 Horatii

349 883 415 950 Sal
436 888 461 950 Ι.
484 889 525 963 8.,
547 888 604 951 ubi
623 889 764 970 Priapus
784 889 821 951 in
838 890 935 952 horio
956 887 1149 953 Maecenatis
1162 891 1292 970 positus
1305 888 1477 953 inducitur

348 1003 389 1065 de
408 1004 547 1086 magicis
567 1003 792 1068 veneficarum
811 1004 940 1068 artibus
960 1005 1158 1087 loquens*

392 1117 429 1183 V.
465 1121 557 1183 1-6.
589 1115 647 1184 Sic
675 1119 842 1184 umbroso
858 1168 866 1184 .
885 1169 916 1186 ..
954 1119 1118 1197 sollertia,
1151 1121 1319 1184 sententia
1350 1121 1397 1184 ita
1425 1126 1477 1185 est

350 1233 557 1316 supplenda:
591 1257 603 1291 c
611 1233 664 1298 Sic
695 1234 754 1297 libi
784 1234 943 1298 umbrosa
971 1239 1059 1300 tecta
1087 1237 1294 1318 contingant,
1324 1241 1362 1300 ut
1392 1236 1477 1299 mihi
1582 1295 1586 1310 ,

350 1349 449 1422 dices,
471 1370 536 1431 qua
557 1349 707 1413 sollertia
726 1352 892 1414 formosos
912 1352 1084 1433 coperisio
1110 1351 1225 1416 Simile
1249 1356 1301 1416 esi
1319 1352 1408 1415 inira
1433 1352 1476 1415 H.

350 1468 380 1542 5,
405 1468 486 1531 121:
520 1464 665 1541 «Adnue,
692 1467 738 1530 sic
758 1468 819 1530 tibi
849 1467 917 1531 sini
945 1468 1083 1545 intonsi,
1113 1467 1246 1544 Phoebe,
1268 1469 1414 1549 capilli».
1435 1504 1480 1511 —

349 1581 517 1647 umbrosa
537 1584 632 1660 tecla,
662 1583 775 1665 Priapi
803 1584 937 1664 siguum
967 1584 1004 1647 in
1032 1584 1139 1648 hortis
1168 1605 1256 1666 saepe
1285 1584 1396 1647 stabat
1416 1584 1478 1647 sub

351 1699 486 1774 arbore3
508 1700 547 1761 cf.
569 1696 677 1762 Carm.
699 1699 806 1781 Priap.
829 1701 881 1774 82,
903 1701 1010 1764 6-8:
1035 1699 1179 1781 «Priape,
1201 1698 1259 1781 qui
1276 1700 1337 1763 sub
1351 1698 1479 1763 arboris

351 1833 447 1877 coma
467 1811 571 1890 Soles,
593 1834 725 1878 sacrum
744 1815 891 1879 revincto
910 1815 1072 1897 pampino
1092 1819 1201 1896 capul,
1222 1813 1336 1876 Buber
1366 1812 1479 1877 sedero
1602 1889 1605 1894 ¹

351 1949 427 1993 cum
455 1930 596 2018 rubente
624 1931 785 1994 fascino».
811 1927 921 1995 —kNe
948 1930 1055 2014 copiti
1084 1930 1173 1994 soles
1199 1948 1242 1992 cc
1269 1929 1479 2014 noceantque

351 2044 455 2121 uiuos,
477 2066 519 2107 ne
539 2045 641 2127 capili
654 2045 742 2108 soles
755 2046 915 2127 nivesque
927 2049 1090 2120 noceaul3
1110 2046 1250 2109 insolita
1269 2046 1480 2110 coniunctio·

351 2162 405 2224 nis
435 2177 501 2246 que
531 2161 717 2236 colloeaiIo,
748 2165 785 2224 ut
816 2163 905 2224 infra
934 2161 960 2223 Ι.
992 2163 1021 2238 3,
1042 2163 1105 2224 55:
1145 2159 1359 2224 «Messallam
1390 2163 1482 2224 terra

352 2276 431 2340 dum
462 2276 677 2358 sequiturque
705 2277 823 2351 mari»,
853 2278 878 2340 Ι.
915 2279 941 2350 1,
972 2279 1034 2341 51:
1069 2275 1114 2339 «0
1143 2283 1307 2357 quantum
1337 2281 1387 2340 esi
1406 2277 1480 2340 auri

351 2395 467 2475 pereat
480 2393 660 2474 potiusque
680 2392 866 2474 smaragdi»
892 2393 967 2457 eiI
991 2394 1020 2469 7,
1042 2394 1194 2458 49-50:
1220 2397 1373 2455 «centum
1392 2391 1482 2455 ludis

353 2505 565 2590 Geniumque
591 2509 722 2572 choreis
749 2507 983 2573 Concelebra».
1011 2543 1056 2553 -
1081 2507 1181 2583 solco,
1208 2507 1294 2571 radii
1320 2509 1411 2582 solis,
1445 2510 1484 2571 ui

352 2624 434 2688 Hor.
465 2623 570 2706 Epod.
607 2626 637 2700 P,
667 2624 819 2688 41—le
859 2629 1013 2707 «perusia
1047 2625 1175 2688 solibus
1212 2624 1363 2687 Pernicis
1399 2644 1484 2687 uxor

352 2740 486 2820 Apuli».
516 2777 560 2786 —
593 2740 675 2819 Qooe
705 2743 765 2805 lua
793 2741 964 2821 formosos
996 2737 1082 2823 capii
1110 2735 1294 2804 sollertia?
1321 2738 1481 2820 Priapum

353 2855 561 2943 παιδεραστὴν
591 2856 749 2919 exhibant
778 2853 887 2919 Germ.
918 2855 1069 2936 Priapes,
1098 2859 1136 2917 ul
1166 2875 1192 2918 e.
1221 2857 1251 2936 g,
1282 2857 1322 2918 5:
1354 2854 1485 2932 «Quam.

354 2991 458 3053 pucro
470 2972 581 3054 legem
593 2973 699 3035 feriar
711 2970 833 3035 dixisse
851 2971 1003 3052 Priapus,
1016 2953 1174 3034 Versibus
1187 2970 1242 3033 hic
1255 2969 1482 3051 infrascripta

354 3085 485 3150 duobus
502 3087 587 3151 erit:
608 3087 703 3165 Quod
723 3106 819 3150 meus
846 3087 963 3150 hortus
982 3087 1093 3164 habet,
1116 3105 1229 3148 sumes
1248 3085 1388 3166 impune
1403 3083 1482 3146 lios·

354 3202 412 3279 bit,
435 3201 470 3266 Si
487 3201 618 3266 dederis
635 3201 742 3278 nobis,
758 3201 848 3284 quod
863 3207 941 3266 tuus
955 3204 1072 3266 hortus
1085 3201 1220 3265 habet».
1240 3237 1284 3245 —
1303 3199 1484 3283 formosos

354 3337 478 3402 pueros
498 3319 668 3400 pulchros,
697 3322 735 3381 ui
759 3320 848 3381 infra
876 3318 901 3382 I.
935 3321 964 3393 9,
994 3319 1023 3381 6.
1055 3322 1088 3381 et
1117 3315 1229 3381 Graece
1259 3313 1288 3381 οἱ
1308 3317 1420 3390 aelon
1440 3316 1480 3379 cl,

354 3435 443 3498 iufra
462 3434 504 3498 IL
521 3435 550 3508 3,
572 3435 634 3498 65:
659 3435 861 3498 «formosas»
879 3454 923 3497 sc.
936 3432 1077 3515 puellas.
1092 3468 1136 3476 —
1148 3429 1272 3496 Nudas
1288 3428 1485 3496 ethicorum

354 3547 518 3632 producis
538 3548 676 3634 fciqorc
696 3548 837 3627 bmmae,
868 3545 993 3613 Nudus
1024 3550 1054 3612 ct
1082 3547 1190 3613 castici
1218 3550 1374 3630 temporo
1393 3545 1485 3611 sicca

357 3662 472 3743 Canio,
494 3664 584 3727 unde
604 3664 741 3746 querela
749 3665 863 3745 Priapi
883 3662 991 3728 Carm.
1005 3663 1116 3745 Priap.
1138 3664 1189 3738 63,
1214 3663 1320 3726 1-6:
1344 3660 1486 3722 «Parum

357 3783 416 3853 esi,
439 3778 527 3860 quod
551 3780 606 3842 hic
627 3799 703 3842 cum
731 3778 865 3842 fixerint
893 3778 978 3841 mihi
1007 3778 1130 3852 sedem,
1160 3777 1289 3859 Agonia
1318 3781 1407 3840 terra
1425 3795 1486 3856 per

402 4061 418 4094 *
438 4059 480 4114 cf.
499 4060 594 4114 Strab.
614 4060 696 4113 VIII.
715 4077 744 4128 p.
763 4061 825 4113 382.
852 4064 879 4112 et
907 4058 1069 4113 Susemihl:
1096 4059 1202 4112 Gasch.
1230 4058 1281 4110 der
1299 4056 1409 4124 griech.
1428 4055 1487 4110 Lu.

357 4158 388 4209 in
407 4156 459 4210 der
477 4156 751 4210 Alexandrineraeit
770 4157 793 4211 I.
813 4175 842 4226 p.
861 4157 923 4209 281.

386 4257 418 4290 **
440 4254 480 4308 cf.
499 4249 717 4308 infra'Excurs.
737 4257 761 4309 I.
