3268 4896
652 446 695 490 sn
710 447 733 491 1.
751 445 776 502 3,
795 445 921 492 89—94.
1303 429 1354 484 125

221 620 356 684 lumen:
374 621 486 702 posito
506 641 586 685 nem
607 622 784 686 scribimus
803 622 895 688 illo».
916 659 959 668 —-
980 621 1136 690 Deducat
1149 626 1258 710 plena
1277 629 1352 692 sta·

213 735 320 802 mica
351 735 455 822 longa
485 738 572 818 colu,
603 741 701 814 neat3
733 740 773 803 cf.
807 738 864 804 Ov.
894 738 974 804 Her.
1007 744 1037 816 9,
1064 739 1353 830 77:¹«Grssssque

220 851 357 916 robusto
385 851 523 918 deducis
551 853 675 936 pollice
703 853 793 919 file».
824 892 869 900 -
892 856 1001 940 plena
1021 907 1027 921 .
1049 905 1086 921 ..
1112 858 1199 938 colu,
1228 860 1266 922 ut
1294 857 1352 924 Ov.

221 967 301 1032 Her.
323 969 352 1044 3,
374 970 437 1034 76:
462 970 522 1033 «Et
540 970 697 1034 minuent
724 972 844 1053 plenas
874 973 1020 1036 stamine
1048 976 1166 1037 nostre
1188 974 1299 1038 colos»
1323 977 1357 1038 ct

220 1083 309 1148 Fsst
330 1084 390 1148 HL
413 1087 498 1150 818:
523 1087 661 1168 «plenas
682 1107 862 1151 exonerare
883 1087 1007 1152 colos».
1021 1088 1170 1155 —cc'rce
1188 1089 1354 1176 previbus

219 1199 339 1285 peusis
368 1197 490 1284 adficta
513 1201 644 1285 puella,
675 1201 715 1265 de
743 1201 882 1266 dominc
907 1203 995 1268 inter
1024 1204 1165 1268 ancillas
1193 1208 1295 1270 nente
1315 1207 1356 1269 cf.

222 1315 318 1398 Prop.
348 1315 407 1380 IIL
430 1307 459 1392 6,
484 1318 624 1382 15-16.
653 1316 695 1380 de
724 1316 889 1400 Cynthia:
913 1318 1049 1383 «Tristis
1077 1324 1149 1384 eret
1176 1320 1296 1385 domus
1325 1322 1359 1383 ct

222 1432 336 1496 tristes
356 1452 418 1495 sue
436 1453 542 1514 pense
561 1433 725 1497 ministrae
746 1433 945 1516 Curpebsnt.
966 1435 1078 1499 medio
1106 1437 1211 1500 nebat
1229 1439 1262 1500 et
1279 1437 1355 1519 ipsc

223 1547 316 1610 loco»
341 1550 374 1611 et
393 1545 451 1612 Ov.
472 1547 563 1613 Fust.
584 1549 627 1613 Π.
649 1550 838 1614 741-743.
859 1550 899 1614 de
919 1550 1095 1615 Lucreticz
1120 1551 1249 1627 «nebat,
1268 1550 1356 1614 Ante

221 1666 336 1727 torum
367 1664 491 1727 celethi
522 1665 667 1747 luneque
698 1666 813 1730 mollis
845 1671 935 1731 eret:
965 1667 1098 1731 Lumen
1129 1668 1172 1731 nd
1200 1669 1356 1750 exiguum

225 1780 360 1846 iamulae
380 1781 459 1845 dcte
476 1801 583 1863 pense
602 1782 815 1846 trahebant».
829 1819 874 1828 -
885 1783 1052 1869 previbus
1072 1783 1202 1868 peusin,
1221 1791 1360 1867 propter

225 1899 368 1982 pondus.
389 1935 434 1944 -
453 1898 584 1985 adfice,
606 1900 763 1964 adsidens
781 1921 892 1983 neque
911 1902 1062 1966 laborem
1090 1902 1360 1984 interrumpens;

227 2017 266 2079 cf.
288 2015 346 2082 Ov.
365 2001 447 2080 Met
467 2015 521 2080 IV.
544 2019 596 2081 32.
622 2037 713 2098 sqq.:
737 2018 835 2082 «solae
855 2016 1043 2098 Minyeides
1070 2019 1163 2081 intus
1191 2017 1360 2100 Intempe-

227 2132 313 2197 stive
331 2132 505 2197 turbantes
524 2134 610 2196 teste
628 2132 782 2196 Minerva
793 2133 860 2196 Aut
879 2132 1006 2196 ducunt
1025 2135 1123 2197 lenus
1136 2136 1195 2197 sut
1214 2133 1361 2198 stamine

226 2248 348 2329 pollice
379 2251 515 2314 versent
542 2249 609 2311 Aut
638 2246 768 2314 haereut
795 2250 904 2313 telae».
924 2287 969 2294 —
982 2249 1116 2334 puella,
1145 2269 1206 2330 pro
1226 2249 1359 2332 pluredi,

226 2367 266 2427 ut
282 2363 475 2446 praecedens
502 2362 595 2430 circu
624 2363 739 2441 docet;
765 2366 803 2428 ci.
826 2366 915 2429 infre
932 2367 957 2430 I.
979 2369 1009 2440 2,
1031 2369 1094 2430 95:
1119 2364 1238 2429 «Hunc
1267 2386 1359 2447 puer,

227 2481 318 2560 hunc
336 2480 469 2544 iuvenis
488 2479 587 2543 turbe
606 2481 731 2543 circum
750 2482 828 2543 terit
847 2484 937 2544 crta»
963 2485 996 2545 et
1007 2482 1049 2546 IL
1065 2483 1094 2556 3,
1108 2482 1172 2546 44:
1190 2482 1362 2546 «Portctur

227 2595 347 2659 validis
366 2595 459 2658 mille
479 2595 638 2659 columns
656 2597 775 2678 iugis».

174 2721 175 2724 ’
271 2710 309 2774 V.
331 2712 474 2775 89-94.
496 2711 577 2777 coelc
605 2712 745 2788 enisum,
775 2712 815 2776 de
845 2732 893 2786 eo,
924 2714 981 2794 qui
1011 2713 1121 2776 subito
1151 2718 1183 2777 et
1211 2734 1282 2777 non
1307 2733 1359 2776 ex-

227 2831 397 2910 spectatus
426 2828 528 2902 venit,
562 2832 599 2891 ut
627 2829 697 2892 Liv.
729 2827 833 2892 XXH.
864 2830 917 2906 29,
949 2830 989 2894 3:
1015 2849 1068 2892 «se
1099 2830 1189 2892 ecies
1220 2832 1359 2911 repente

226 2945 319 3009 velut
349 2946 429 3009 caelo
461 2944 609 3008 demisse
639 2945 818 3009 ostendit».
850 2945 954 3008 Aliud
988 2944 1155 3028 significet
1185 2946 1273 3009 infra
1302 2943 1357 3009 IV.

231 3061 280 3134 13,
313 3062 373 3125 13:
398 3060 512 3124 «Nunc
540 3061 620 3125 licet
644 3082 661 3124 e
686 3061 767 3124 ceelc
795 3061 951 3124 mittatur
978 3062 1087 3125 amice
1116 3061 1279 3136 Tibullo»,
1301 3061 1359 3124 ubi

226 3172 301 3237 vide
331 3175 407 3239 cdn.
437 3211 481 3220 -
510 3174 642 3242 recedato
662 3225 670 3240 .
691 3225 700 3239 .
721 3173 843 3259 .pede,
878 3175 1004 3239 relictis
1038 3196 1106 3257 prae
1142 3174 1359 3239 testinatione

229 3291 338 3355 soleis.
358 3328 403 3334 —
423 3289 514 3357 hunc
543 3291 645 3357 illum
672 3290 772 3357 scobis
800 3289 942 3357 Aurora
969 3292 1133 3358 nitentem
1160 3289 1361 3376 Luciferum

226 3408 336 3473 roseis
355 3406 507 3474 candida
521 3408 635 3493 portet
654 3409 761 3496 epate,
781 3409 894 3472 locum
913 3409 1067 3472 imitatur
1085 3407 1143 3472 Ov.
1163 3408 1237 3471 Am.
1250 3406 1292 3470 IL
1309 3408 1358 3482 11,

228 3523 381 3587 55-56:
406 3522 504 3586 «Haec
523 3524 609 3586 mihi
629 3542 730 3605 quem
758 3525 906 3606 primum
936 3525 1016 3588 caelo
1045 3523 1271 3587 nitidissimus
1291 3523 1359 3587 ulto

228 3638 362 3702 Lucifer
381 3639 527 3702 admisso
547 3645 701 3720 tempore
718 3643 830 3722 portet
850 3660 954 3722 equor
978 3644 1010 3703 et
1030 3639 1125 3703 Trist.
1146 3639 1205 3703 III.
1227 3642 1257 3714 5,
1271 3640 1360 3702 55-

228 3756 291 3818 56:
327 3754 418 3818 «Hos
449 3755 582 3818 utinum
611 3756 712 3819 nitidi
743 3754 831 3820 Solis
870 3757 1081 3838 praenuntius
1113 3759 1205 3818 ortus
1234 3753 1360 3819 Afferct

228 3868 376 3932 admisso
404 3869 539 3933 Lucifer
563 3870 659 3934 elbus
689 3892 792 3954 equo»
816 3875 849 3933 et
867 3871 916 3933 Ex
935 3871 1030 3935 Pont.
1051 3870 1076 3934 L
1097 3872 1128 3944 4,
1149 3872 1212 3935 57:
1237 3869 1359 3934 «Mem-

228 3984 328 4047 nonis
356 3983 444 4047 hunc
471 3985 603 4049 utinam
632 3986 738 4051 lenito
765 3985 917 4068 principe
946 3989 1053 4049 meter
1081 3985 1360 4068 Quamprimum

228 4119 325 4164 roseo
355 4104 516 4181 provocet
546 4122 602 4166 ore
634 4101 754 4166 diem».
776 4139 820 4147 —
841 4101 931 4168 hunc
960 4104 1071 4180 illum,
1104 4102 1359 4184 significantius,
1466 4134 1469 4139 ·

230 4235 330 4297 quem
359 4217 502 4298 simplex
531 4216 596 4298 esc,
624 4222 662 4281 ut
689 4218 785 4300 Verg.
815 4219 897 4282 Aen.
927 4218 998 4283 VII.
1020 4219 1218 4283 255-256:
1243 4217 1360 4281 «Hunc
