3306 4896
655 1237 991 1320 PRAEFATIO.

310 1571 406 1645 Cum
443 1574 530 1664 post
568 1567 811 1663 Ludolphum
854 1567 1084 1653 Ducenium,
1125 1565 1230 1638 cuius
1270 1562 1384 1638 editio

259 1728 361 1778 anno
388 1700 717 1776 MDCOOXXXV.
752 1701 892 1796 publici
927 1700 1018 1773 iuris
1052 1701 1151 1772 facta
1178 1705 1242 1787 est,
1272 1722 1384 1772 nemo

259 1837 334 1909 hue
370 1860 488 1930 usque
522 1836 699 1907 inventus
735 1839 843 1921 esset,
879 1835 944 1927 qui
979 1834 1106 1906 omnia
1140 1833 1278 1905 Tibulli
1308 1856 1383 1904 car·

261 1969 364 2041 mina
388 1992 488 2041 novo
516 1968 785 2040 commentario
822 1966 1010 2061 exegetico
1046 1972 1205 2054 ornaret,
1238 1965 1383 2060 suscepi

261 2103 362 2175 hunc
380 2103 546 2176 laborem
571 2101 666 2174 mihi
692 2124 780 2172 sane
798 2098 1123 2189 iucundissimum,
1143 2100 1273 2172 amicis
1298 2123 1383 2192 poe·

260 2259 345 2309 seos
388 2237 566 2308 Romanae
609 2232 868 2326 praecipueque
917 2233 1105 2306 iuventuti
1149 2233 1384 2327 antiquitatis

261 2366 440 2440 studiosae
462 2371 610 2460 gratum
636 2389 696 2436 me
722 2364 909 2436 facturum
934 2366 1111 2459 putans*
1128 2364 1301 2459 Explicui
1318 2365 1383 2458 igi·
1420 2351 1423 2359 ¹

260 2504 323 2570 tur
348 2500 494 2592 elegias,
521 2523 604 2592 quae
630 2498 671 2569 in
697 2497 837 2591 sylloge
864 2496 1001 2569 Tibulli
1026 2498 1180 2571 nomine
1206 2498 1384 2592 insignita

259 2632 340 2705 iure
358 2632 575 2704 tribuuntur
590 2636 711 2726 poetae
729 2631 1042 2724 praestantissimo
1063 2631 1099 2718 (i.
1116 2657 1146 2704 e.
1161 2632 1199 2703 ll.
1218 2632 1248 2704 Ι.
1267 2636 1305 2704 et
1321 2631 1382 2718 IL,

261 2763 374 2836 LIV.
405 2765 511 2836 a-s.
539 2770 576 2838 et
607 2763 787 2853 13-14.)‚
816 2764 1007 2859 adiecique
1028 2764 1201 2858 Sulpiciae
1229 2763 1384 2858 elegidia

264 2895 342 2984 (IV.
371 2898 528 2986 7—1a.)‚
560 2897 639 2969 sine
665 2897 801 2990 quibus
827 2898 964 2970 Tibulli
996 2898 1160 2970 carmina
1187 2897 1231 2969 de
1259 2921 1383 2970 amore

307 3157 323 3189 *
344 3157 478 3210 Ceterum
496 3157 557 3209 haee
577 3157 664 3210 editio
685 3155 807 3227 πάρεργον
828 3161 871 3210 est
891 3161 987 3226 operis
1006 3159 1128 3210 maioris
1155 3160 1188 3210 de
1215 3159 1306 3226 elegia
1330 3160 1383 3212 Ro-

262 3269 352 3306 mana
370 3253 539 3321 Hungarice
559 3254 667 3322 scripti.
687 3255 774 3306 Iussu
794 3255 871 3306 enim
885 3254 1047 3307 Academiae
1068 3256 1245 3308 Litterarum
1265 3256 1383 3324 Hungu-

262 3352 329 3406 ricae
350 3354 417 3404 ante
437 3352 547 3418 aliquot
566 3368 657 3404 annos
678 3352 802 3404 scribere
828 3369 971 3420 coeperam
1000 3352 1153 3405 historiam
1182 3370 1301 3420 poeseos
1330 3356 1383 3407 Ro·

263 3464 359 3501 manae
378 3449 472 3502 aetatis
492 3465 584 3504 aureae
604 3449 634 3501 in
654 3453 790 3516 quattuor
809 3453 903 3502 tomos
928 3451 1131 3502 distributam:
1157 3453 1270 3519 primus
1290 3451 1384 3504 editus

261 3550 306 3599 est
326 3547 517 3615 Budapestini
537 3549 701 3616 sumptibus
721 3549 852 3601 eiusdem
866 3549 1028 3601 Academiae
1042 3565 1118 3600 anno
1135 3547 1210 3600 1902.
1224 3548 1236 3615 (
1244 3547 1385 3616 Vergilius

260 3644 330 3698 e'letc
349 3645 375 3697 ele
394 3646 490 3698 mavei
508 3645 527 3698 i.
546 3663 569 3698 e.
590 3646 624 3698 de
643 3647 702 3698 vite
726 3651 754 3699 et
774 3649 890 3716 scriptis
906 3649 1034 3715 Vergilii,
1055 3646 1137 3699 ouius
1152 3663 1306 3699 censuram
1320 3649 1384 3700 vide

263 3743 294 3794 in
314 3743 513 3812 ephemeride:
542 3741 682 3796 Deutsehc
707 3742 994 3811 Litteraturzeitunp.
1022 3762 1047 3798 e.
1069 3744 1146 3798 1904.
1166 3763 1192 3812 p.
1212 3744 1317 3811 a737.);
1344 3763 1384 3799 se·

261 3840 375 3892 cundus
394 3843 429 3906 (A
448 3842 545 3893 comui
564 3841 663 3907 elegia,
682 3843 702 3893 i.
715 3859 738 3893 e.
759 3842 793 3893 de
813 3841 905 3908 elegia
924 3842 1067 3908 Romana)
1087 3841 1145 3893 fine
1165 3842 1252 3894 huius
1272 3844 1342 3895 anni
1354 3843 1384 3896 in

262 3935 410 4003 publicum
429 3936 571 4004 prodibit3
590 3937 619 3989 in
638 3938 725 3990 tertio
744 3941 772 3990 et
792 3943 895 4006 quarto
917 3941 1019 4007 agetur
1039 3940 1072 3990 de
1087 3937 1211 3990 Horatio
1231 3942 1259 3990 et
1273 3938 1384 3993 Ovidio.

265 4032 339 4085 Cum
358 4033 450 4100 igitur
468 4033 544 4086 inter
564 4039 659 4088 cetera
678 4037 712 4090 de
733 4037 834 4104 elegiis
854 4037 961 4090 Tibulli
982 4051 1113 4102 quaerens
1134 4034 1295 4089 editionum
1308 4036 1385 4088 notis

265 4130 475 4184 instructarum
495 4149 549 4199 ope
569 4133 674 4201 saepius
694 4134 875 4197 destituerer,
889 4136 960 4202 ipse,
975 4133 1051 4200 quod
1065 4132 1114 4184 alii
1128 4130 1385 4199 praetermiserunt,

263 4226 356 4280 facere
376 4229 507 4296 cogebar.

669 4566 939 4676 264878
