3268 4896
336 417 386 471 158
762 439 805 482 sn
820 439 844 483 1.
861 436 887 498 a,
904 435 1031 482 23-28.

335 615 529 696 vultumque
557 615 741 696 loquacem,
772 615 894 696 Excipe
923 614 1063 678 furtivas
1085 617 1117 676 et
1137 616 1224 678 refer
1242 615 1316 697 ipsa
1344 619 1462 688 nctas;

335 731 444 795 Verba
472 729 660 812 superciliis
689 727 761 791 sine
785 746 865 790 voce
893 726 1068 808 loquentia
1096 725 1216 802 dicam,
1236 726 1346 791 Verba
1372 729 1463 808 leges

336 846 458 928 digitis,
478 846 580 909 verba
606 846 725 908 notata
752 862 863 906 merca
888 847 921 906 et
950 841 1028 905 ibid
1049 841 1091 906 IL
1112 844 1142 916 5,
1165 844 1313 907 15-16:
1338 842 1464 906 «Multa

337 961 514 1043 supercilio
533 960 602 1024 vidi
622 959 775 1022 vibrante
802 959 999 1040 loquentes:
1029 957 1173 1020 Nutibus
1192 959 1228 1020 in
1247 959 1367 1022 vestris
1386 979 1464 1040 pers

336 1077 425 1142 bona
442 1078 533 1141 vocis
563 1078 650 1140 erat»
676 1079 709 1137 et
736 1074 815 1138 Her.
840 1075 890 1149 17,
912 1075 1064 1139 81—-8a:
1090 1073 1135 1135 «Α
1155 1075 1310 1155 quotiens
1339 1074 1461 1155 digitis,

337 1194 490 1277 quotiens
510 1213 571 1275 ego
591 1196 679 1256 tecta
707 1191 823 1257 notavi
843 1189 946 1271 Signa
975 1189 1154 1271 supercilio
1183 1209 1279 1271 paene
1305 1188 1463 1271 loquente

337 1307 440 1373 dari».
461 1347 505 1352 —
524 1309 607 1378 viro.
629 1307 791 1387 coniuge;
816 1307 856 1369 ef.
879 1304 954 1370 adn.
976 1306 1065 1370 infra
1084 1306 1126 1369 ad
1145 1325 1192 1370 vs.
1213 1306 1276 1370 41:
1301 1306 1464 1370 «coniunx

336 1428 444 1488 tuus».
458 1461 502 1468 -
521 1424 627 1488 cautus
647 1421 809 1507 conserua,
830 1423 851 1485 i.
873 1443 900 1485 e.
920 1421 1036 1503 puella
1054 1425 1088 1484 et
1105 1421 1243 1485 iuvenes
1263 1426 1367 1485 nutus
1387 1441 1462 1485 con·

337 1541 450 1603 ferunt
468 1539 556 1601 inter
575 1559 619 1614 se,
640 1541 679 1600 ut
697 1537 837 1601 dicitur:
870 1557 1059 1602 sermonem
1079 1539 1239 1602 conferre.
1260 1575 1305 1582 -
1324 1556 1463 1622 compc-

339 1655 416 1720 sitis
436 1651 562 1718 abdere
580 1653 685 1718 eversa
703 1653 803 1729 cotis,
825 1656 863 1715 ut
883 1651 940 1716 Or.
961 1653 1032 1716 Am.
1054 1653 1113 1716 HL
1135 1655 1165 1728 i,
1187 1655 1249 1717 25:
1274 1651 1465 1734 «Verbaque

340 1770 535 1851 compositis
556 1767 768 1832 dissimulata
790 1769 913 1832 notis».
934 1805 979 1812 -
997 1768 1223 1852 compescite.
1245 1817 1253 1832 .
1274 1817 1281 1831 .
1302 1767 1403 1840 actia,
1424 1769 1465 1830 de

340 1881 460 1967 quibus
494 1882 582 1943 inter
615 1881 765 1963 puellam
796 1886 829 1944 et
858 1883 1015 1945 iuvenem
1051 1886 1129 1947 ante
1164 1887 1365 1946 conventum
1396 1886 1465 1956 est;

338 2000 377 2062 cf.
392 1997 502 2062 Ovidii
514 2002 679 2079 praecepta
692 1997 733 2060 sd
748 2000 889 2061 amicam
910 1997 949 2060 de
970 1997 1023 2061 his
1043 1999 1134 2061 notis
1146 1998 1218 2061 Am.
1230 1999 1256 2061 Ι.
1270 2000 1301 2072 4,
1317 1999 1466 2062 21—98:

344 2114 445 2179 «Cum
475 2114 537 2176 tibi
569 2116 738 2177 succurret
766 2113 908 2177 Veneris
938 2112 1077 2178 lascivia
1112 2117 1245 2189 nostrae,
1278 2113 1466 2194 Purpureas

338 2234 452 2294 tenero
480 2229 601 2311 pollice
622 2232 720 2309 tange
740 2248 853 2309 genas.
876 2227 911 2292 Si
931 2228 1011 2310 quid
1031 2229 1102 2304 erit,
1124 2228 1236 2292 deme
1256 2228 1359 2292 tacita
1379 2229 1468 2310 quod

341 2348 452 2408 mente
482 2344 640 2426 loqueris,
662 2343 811 2406 Pendeat
840 2346 988 2407 extrema
1018 2343 1132 2407 mollis
1164 2343 1204 2408 ab
1226 2364 1304 2408 aure
1335 2363 1465 2407 manue.

342 2459 425 2525 Cum
453 2459 524 2534 tibi,
546 2480 617 2541 quse
647 2459 776 2533 faciam,
797 2479 873 2521 mee
901 2459 967 2535 lux,
994 2459 1156 2538 dicamve,
1176 2459 1467 2542 placebunt,Ve1·-

340 2581 431 2640 setur
458 2575 572 2656 digitis
607 2576 729 2638 anulus
763 2594 870 2656 usque
903 2575 980 2639 tuis.
1017 2576 1129 2656 Tange
1165 2596 1270 2639 manu
1304 2595 1466 2649 mensam,

339 2694 483 2772 tangunt
512 2712 577 2773 quo
608 2709 701 2755 more
736 2693 921 2771 precantes,
954 2689 1094 2771 Optabis
1121 2692 1242 2754 merito
1274 2710 1348 2754 eum
1378 2691 1469 2754 mala

339 2807 446 2870 multa
464 2806 567 2869 viro».

385 2921 422 2984 V.
445 2923 586 2985 stt—ss.
609 2940 694 3006 quos
714 2941 775 2986 uec
794 2920 921 2987 inertia
940 2920 1067 2998 tardat,
1087 2927 1125 2986 ut
1144 2920 1201 2985 Ov.
1222 2921 1258 2985 Α
1279 2921 1315 2985 Α.
1331 2921 1373 2984 Π.
1387 2923 1469 2986 229:

345 3037 464 3100 «Amor
494 3036 565 3100 odit
594 3037 736 3100 inertes»
761 3041 795 3099 et
825 3039 909 3101 233:
934 3036 1083 3100 «Militiae
1114 3037 1243 3118 speeies
1274 3056 1369 3100 amor
1399 3041 1469 3100 est:

341 3150 509 3228 discedite,
545 3171 697 3232 segnes».
727 3189 771 3196 —
790 3149 861 3216 Nec
895 3153 985 3216 cetat
1019 3151 1167 3217 obscura
1200 3171 1340 3237 surpere
1373 3157 1471 3218 uncte

342 3265 452 3344 timor,
483 3266 522 3330 cf.
543 3265 600 3330 Ov.
621 3268 693 3332 Am.
715 3267 740 3331 L
762 3270 792 3342 6,
823 3268 1038 3332 9—14:‹·At
1066 3268 1235 3350 quondam
1263 3271 1397 3332 noctem
1427 3271 1468 3334 ei·

341 3381 554 3462 mulacraque
573 3402 661 3446 vana
679 3381 848 3456 timebam,
869 3382 1027 3459 Mirabar,
1058 3383 1206 3447 tenebris
1227 3384 1376 3465 quisquis
1405 3385 1469 3447 itu-

341 3517 396 3561 rus
426 3500 505 3560 eret.
535 3497 631 3573 Risit,
653 3502 690 3561 ut
718 3499 877 3572 audirem,
904 3502 1020 3562 tenera
1048 3519 1125 3561 eum
1153 3503 1259 3562 matre
1279 3498 1408 3581 Cupido
1428 3500 1471 3562 Et

343 3611 479 3675 leviter:
504 3611 599 3675 «Fies
618 3616 656 3675 tu
675 3632 805 3694 quoque
826 3613 939 3676 fortis»
965 3613 1019 3677 ait.
1041 3613 1071 3678 N
1074 3633 1111 3677 ec
1129 3634 1232 3690 mora,
1245 3616 1339 3678 venit
1359 3635 1470 3678 amor:

339 3746 410 3790 non
428 3727 564 3790 umbras
582 3731 680 3792 nocte
701 3730 861 3803 volantes,
882 3728 957 3791 Non
976 3730 1079 3792 timec
1101 3731 1232 3794 strictus
1251 3730 1287 3794 in
1305 3750 1381 3793 mea
1401 3732 1471 3794 fata

341 3860 479 3904 manus»
505 3846 536 3904 et
563 3843 602 3906 A.
631 3842 669 3906 A.
699 3844 739 3907 IL
771 3845 856 3908 234:
880 3842 974 3906 «Non
1003 3844 1073 3906 haec
1102 3849 1181 3908 sunt
1205 3845 1333 3909 timidis
1362 3850 1471 3910 castra

340 3956 465 4019 tuenda
491 3959 603 4022 viris»,
625 3994 669 4001 -
688 3956 743 4022 Ec
767 3976 827 4044 epo
847 3977 925 4022 cum
945 3958 1093 4024 tenebris
1123 3961 1195 4024 tota
1212 3978 1320 4046 vapor
1339 3961 1470 4025 auctus

340 4069 432 4146 rerba,
454 4091 496 4134 sc.
518 4076 556 4134 ut
575 4072 616 4135 ad
634 4074 772 4137 ianuam
793 4075 908 4138 amicae
927 4079 1029 4137 noctu
1041 4076 1184 4138 veniam.
1205 4074 1336 4139 Excidit
1354 4080 1470 4158 pente·

341 4190 454 4262 meter,
475 4188 570 4251 cuius
594 4208 713 4253 sensus
736 4191 814 4254 talis
843 4191 911 4253 fere
931 4195 1022 4256 erat:
1041 4191 1156 4256 Venus
1175 4213 1229 4255 me
1257 4195 1368 4256 tutum
1388 4212 1470 4275 pree·
