3246 4894
609 468 651 512 11)
667 469 690 512 1.
709 467 733 524 s,
753 466 879 514 ae-ee.
1260 447 1311 501 173

178 641 266 708 metr
294 662 390 709 uon.
415 692 422 707 .
443 696 449 708 .
471 644 515 707 eit
535 643 702 724 timuisse,
733 664 803 708 non
832 644 960 707 aecidat
988 645 1083 714 mihi,
1104 649 1142 709 ut
1161 646 1308 720 timeum,

178 759 201 822 i.
223 779 250 823 e.
270 778 340 822 non
359 759 500 823 verebor
519 761 716 838 eaecitatem,
745 764 783 823 ut
802 761 890 822 infra
918 760 972 824 IV.
1004 763 1031 836 3,
1062 763 1100 824 3:
1135 761 1219 824 «Nee
1247 762 1311 826 tibi

180 875 224 938 sit
251 874 353 939 duros
375 876 504 939 aeuisse
523 876 560 939 in
587 876 708 958 proelia
727 876 877 951 dentes»;
898 877 937 940 ef.
964 876 1060 957 Verg.
1080 877 1151 941 Eel.
1175 879 1226 954 10,
1245 879 1308 942 46:

184 989 269 1054 «Nee
300 992 345 1055 sit
373 992 458 1055 mihi
492 991 658 1067 eredere»;
693 992 789 1073 Pmp.
823 993 847 1055 l.
879 993 930 1068 20,
969 994 1114 1056 13—-142
1151 992 1215 1055 «Ne
1247 993 1308 1057 tibi

181 1105 250 1168 sie,
272 1154 279 1169 .
305 1155 313 1169 .
340 1113 492 1188 expertos
513 1126 644 1187 semper
676 1106 767 1170 adire
797 1108 910 1170 lacus»
935 1110 968 1170 et
995 1107 1054 1170 ΠΙ.
1088 1109 1116 1183 3,
1148 1109 1212 1171 41:
1237 1107 1310 1170 «Nil

180 1221 241 1285 tibi
261 1223 305 1286 sit
323 1243 423 1286 rauco
442 1223 611 1305 praeeonia
631 1223 772 1286 classica
803 1243 908 1286 cornu
935 1222 1032 1287 Flere
1040 1245 1066 1298 1;
1087 1222 1145 1288 Ov.
1167 1224 1203 1286 A.
1224 1223 1263 1286 A.
1282 1224 1307 1287 Ι.

180 1339 265 1402 619:
290 1336 489 1402 «Blanditiis
510 1339 662 1402 animum
691 1339 807 1402 furtim
827 1337 1031 1420 deprendere
1050 1343 1131 1403 tune
1152 1339 1228 1414 sitr3
1250 1337 1310 1404 sil.

179 1452 254 1516 Ital
276 1453 358 1518 Pun.
384 1454 438 1517 VI.
459 1456 544 1519 489:
570 1455 673 1518 «mihi
693 1455 737 1516 sit
756 1451 890 1535 Stygios
910 1457 987 1517 ante
1009 1455 1187 1519 intravisse
1205 1473 1305 1537 pena·

179 1573 238 1647 tes,
260 1569 354 1635 Talia
373 1591 474 1653 quam
492 1572 660 1635 videam».

224 1683 263 1748 V.
284 1687 426 1750 25-30.
449 1684 545 1770 Saepe
564 1685 656 1751 vetut
674 1704 830 1771 gemmus
851 1685 1148 1771 aerearumque
1173 1686 1309 1771 protu-

179 1817 264 1882 rem,
284 1795 349 1864 Per
378 1819 524 1865 causum
553 1800 696 1865 memini
723 1819 777 1864 me
809 1801 955 1884 tettptsse
983 1819 1140 1884 manum,
1159 1801 1201 1865 ad
1220 1803 1311 1864 hune

180 1913 292 1978 locum
312 1915 432 1978 alludit
450 1913 508 1979 Ov.
529 1914 625 1978 Trist.
646 1914 688 1980 H.
709 1916 907 1980 451--4522
925 1913 1038 1996 «Saepe
1050 1917 1142 1980 velut
1160 1936 1312 1997 gemmas

181 2029 253 2094 eius
272 2032 448 2112 signumve
467 2033 635 2113 probaret,
656 2032 720 2093 Per
748 2051 883 2097 eausam
911 2034 1068 2097 meminit
1097 2052 1131 2094 se
1159 2033 1310 2114 tetigisse

180 2165 351 2210 manum».
372 2184 416 2190 —-
443 2165 599 2231 penteres
620 2198 626 2210 .
649 2197 655 2210 .
679 2198 685 2209 .
706 2147 925 2232 aquamque,
953 2167 1102 2229 gemmas
1131 2148 1312 2211 anulorum

181 2262 343 2345 signaque
374 2263 410 2325 in
441 2264 483 2325 iis
514 2281 689 2344 expressa3
722 2263 761 2325 ef.
793 2261 900 2327 Plaut.
922 2262 1014 2326 Asin.
1047 2263 1101 2328 IV.
1136 2266 1162 2339 1,
1194 2265 1245 2328 33.
1267 2262 1308 2325 de

179 2379 313 2459 puella:
338 2377 582 2459 «Speetandum
601 2399 643 2440 ne
663 2379 845 2460 quoiquam
874 2379 1015 2442 anulum
1044 2379 1100 2442 det
1119 2399 1227 2463 neque
1257 2399 1310 2442 ro·

181 2499 267 2576 get».
289 2530 332 2536 —
347 2492 548 2577 probarem,
579 2492 824 2566 examinarem3
856 2494 895 2555 ef.
928 2493 1031 2574 Lygd.
1063 2496 1093 2571 4,
1128 2497 1170 2558 6:
1206 2494 1310 2558 «Vera

181 2612 323 2674 monent
341 2609 456 2672 Tuscis
488 2612 562 2670 exta
592 2607 732 2688 probata
750 2608 864 2670 viris».
886 2645 930 2650 —
948 2606 1014 2672 Per
1042 2627 1198 2693 eausam,
1228 2613 1312 2675 κατὰ

181 2729 344 2814 πρόφασιν,
374 2728 412 2786 ut
431 2723 490 2787 Ov.
510 2723 590 2787 Her.
625 2725 676 2799 20,
714 2725 908 2787 139—140:
933 2723 1105 2806 «Dumque
1134 2745 1195 2788 suo
1224 2729 1309 2788 tem·

182 2845 255 2924 ptat
274 2841 452 2904 salientem
471 2838 592 2919 pollice
611 2857 741 2913 venam,
757 2837 906 2900 Candida
921 2860 981 2920 per
1000 2859 1136 2903 eausam
1156 2841 1311 2904 bracchia

183 2977 270 3040 saepe
298 2961 407 3021 tenet»
414 2979 422 3032 ;
443 2959 483 3020 ef.
505 2957 581 3019 Tae.
602 2955 692 3018 Hist.
713 2955 738 3019 L
761 2955 822 3018 71:
848 2975 924 3036 «per
951 2957 1130 3036 speeiem».
1149 2993 1194 2999 ν-
1213 2953 1312 3039 Scepe

182 3091 276 3138 mero
296 3090 457 3137 soranum
471 3073 592 3157 peperi
611 3071 686 3154 rtet,
706 3074 743 3133 ut
764 3069 822 3134 Ov.
843 3070 915 3134 Am.
936 3072 962 3134 Ι.
983 3073 1012 3147 t,
1035 3073 1087 3135 59.
1110 3072 1148 3134 de
1168 3071 1308 3134 marito:

187 3189 359 3270 «Dumque
387 3188 480 3262 bibit,
502 3188 626 3261 furtim,
649 3188 677 3251 si
696 3190 802 3267 potes,
825 3184 908 3248 adde
936 3204 1099 3249 merum».
1120 3184 1312 3250 --Sobria

183 3355 190 3370 .
212 3358 218 3370 .
242 3359 248 3370 .
267 3305 406 3391 poeula,
425 3305 503 3386 quia
524 3324 608 3385 aqua
627 3305 737 3367 inerat
748 3325 756 3376 ;
776 3302 817 3365 ef.
838 3301 926 3364 inira
939 3302 981 3365 ΙΙ.
1000 3303 1027 3376 1,
1041 3303 1104 3365 de:
1123 3301 1310 3382 «Mixtaque

184 3443 300 3486 securo
321 3429 372 3486 est
399 3422 511 3485 sobria
538 3421 677 3502 lympha
704 3439 831 3482 mero».
851 3419 1018 3481 Tibullum
1048 3419 1200 3480 imitatur
1228 3414 1310 3480 Stat.

184 3537 263 3602 Silv.
284 3537 321 3600 V.
346 3539 373 3611 1,
398 3539 479 3599 121:
505 3535 602 3615 ‹dpsa
621 3534 723 3614 depes
743 3534 893 3597 medieas
914 3537 946 3595 et
967 3531 1078 3596 sobria
1105 3534 1226 3613 pocula
1244 3536 1309 3594 tra·

184 3654 263 3717 dit».
285 3689 328 3696 —-
348 3650 527 3736 supposita
548 3702 553 3713 .
577 3702 582 3713 .
607 3701 612 3714 .
636 3668 741 3733 aque,
770 3650 885 3713 furtim
913 3650 1035 3712 infusa.
1056 3686 1099 3692 —
1129 3648 1246 3732 vieto-r,
1274 3650 1310 3712 in

184 3769 366 3834 certamine
385 3766 531 3833 bibendi.
552 3805 595 3809 -—
611 3765 691 3831 Noa
711 3817 717 3829 .
741 3814 749 3828 .
770 3813 775 3828 .
794 3763 958 3848 prudeus,
977 3785 1046 3827 non
1066 3765 1230 3841 consulte,
1253 3764 1312 3828 sed

184 3887 296 3948 mente
325 3883 366 3947 ab
385 3884 506 3947 Amore
534 3881 669 3946 turbata
682 3903 690 3956 ;
723 3883 762 3943 ef.
785 3901 887 3960 supra
909 3882 933 3942 Ι.
956 3883 985 3954 2,
1009 3881 1069 3944 37:
1095 3877 1146 3942 «Si
1176 3879 1250 3962 quis
1279 3883 1313 3943 et

184 3998 380 4080 imprudens
401 3999 581 4080 aspexerit»
607 4002 640 4061 et
659 3996 734 4058 adn.
757 3995 849 4058 adh.
871 3996 891 4057 l.

229 4114 265 4177 V.
288 4115 428 4178 31-36,
443 4109 505 4178 llle
525 4131 584 4196 epe
605 4131 684 4177 sam
704 4162 709 4173 .
732 4162 738 4174 .
762 4161 767 4173 .
790 4107 949 4174 Instabat
970 4113 1040 4174 tota
1060 4111 1116 4175 eut
1135 4114 1196 4174 teu
1215 4112 1311 4174 erecte

186 4229 295 4314 eante,
315 4229 465 4293 adhunc
490 4230 602 4292 loeum
632 4227 751 4291 alludit
771 4225 828 4289 Ov.
851 4226 946 4289 Trist.
967 4226 1009 4289 IL
1030 4228 1115 4289 459:
1140 4224 1236 4302 «Scit,
1251 4224 1311 4287 eui
