3306 4896
568 1179 908 1287 unsarans

728 1425 755 1490 I.

544 1593 963 1694 'muwaw

222 1805 502 1870 Introductio.
528 1805 632 1871 Poeta
660 1805 807 1869 consulit
835 1803 1003 1888 Priapum,
1025 1807 1147 1888 quibus
1177 1810 1304 1873 artibus

176 1941 357 2004 puerorum
382 1923 514 1986 animos
534 1920 598 1984 sibi
615 1919 844 1984 conciliaverit
863 1922 983 2000 (1-8).
1005 1919 1197 2004 Sequuntur
1221 1945 1303 2006 proe-

178 2011 274 2121 cepta
294 2036 348 2101 dei
365 2037 509 2116 (9—72).
528 2032 651 2097 Melius
665 2034 708 2097 sit
721 2036 860 2098 omnino
873 2037 986 2116 fugere
999 2057 1122 2118 pueros
1134 2035 1303 2120 pulchros,

177 2153 245 2232 sed,
266 2154 295 2218 si
314 2158 429 2218 tamen
448 2153 484 2215 in
504 2171 653 2215 amorem
673 2170 788 2214 eorum
809 2151 976 2224 incideris,
991 2157 1069 2218 ante
1083 2155 1197 2219 omnia
1218 2175 1303 2238 opus

177 2277 227 2340 ost
247 2269 438 2342 constantia
457 2269 601 2346 (9-20).
623 2267 688 2330 Nec
709 2267 819 2330 iurare
838 2268 929 2344 time,
944 2289 1024 2333 nam
1044 2269 1091 2332 dii
1111 2271 1303 2334 amantibus

177 2387 274 2452 facile
302 2386 496 2458 condonant
514 2385 699 2467 periurium
728 2386 896 2464 (bl—96).
927 2383 1053 2461 Quodsi
1081 2384 1196 2449 tardus
1225 2387 1300 2462 eris,

178 2503 322 2568 errabis:
352 2503 418 2566 cito
446 2501 604 2572 transibit
634 2506 715 2563 setas
745 2501 817 2563 sine
844 2500 954 2564 fructu
983 2501 1107 2564 amoris
1135 2503 1300 2581 (27-38).

176 2617 347 2683 Utendum
367 2617 527 2698 obsequio
547 2615 762 2698 potissimum
780 2620 812 2678 st
834 2614 1007 2677 blanditiis
1027 2617 1193 2693 (ab—56).
1207 2615 1301 2692 Nunc

175 2751 279 2815 pravo
295 2751 387 2804 more
398 2733 517 2799 saeculi
537 2733 678 2797 avaritia
698 2731 944 2808 dominatur-et
962 2732 1058 2812 pueri
1070 2731 1209 2794 formosi
1228 2751 1301 2796 mu·

174 2867 257 2918 nera
276 2849 394 2918 volunt
413 2850 579 2928 (57—60).
599 2848 765 2911 Hortatur
788 2847 892 2928 igitur
910 2867 966 2909 eos
986 2846 1077 2914 deus.
1107 2851 1145 2909 ut
1157 2920 1161 2928 ι
1173 2847 1304 2925 abiecta

174 2962 361 3047 eupiditate.
376 2965 460 3027 lucri
488 2967 606 3046 poetas
636 2968 758 3040 ament,
790 2963 847 3044 qui
874 2961 1159 3043 pulchritudinem
1185 2940 1301 3026 eorum

173 3079 428 3143 immortalitate
449 3078 576 3142 donant
588 3080 756 3156 (ol-oo).
777 3077 1009 3155 Quiamorem
1029 3082 1144 3141 tamen
1159 3077 1302 3142 vendere

174 3195 303 3271 yolunt,
322 3214 379 3258 ecs
392 3198 582 3267 exsecratur
593 3196 759 3273 (fu-72).
775 3193 877 3256 Poeta
890 3195 1064 3275 praeceptis
1075 3193 1188 3274 Priapi
1208 3194 1300 3258 audi-

172 3309 302 3374 tisiam
322 3311 525 3391 magistrum
542 3310 665 3373 amoris
685 3311 849 3373 celebrem
870 3331 904 3374 se
925 3311 994 3373 fore
1012 3315 1135 3408 sperat,
1154 3310 1212 3374 sed
1225 3331 1302 3374 mox

174 3427 278 3490 sentit
296 3445 340 3488 ne
361 3426 424 3489 sibi
441 3426 573 3508 quidem
596 3446 630 3489 se
651 3445 749 3508 opem
769 3427 854 3488 ferre
868 3445 977 3506 posse,
990 3421 1066 3488 eum
1078 3427 1171 3488 lento
1186 3446 1300 3490 amore

172 3541 330 3618 Marathi‚
344 3543 441 3623 pueri
458 3540 614 3617 difficilis,
625 3544 830 3623 torqueatur,
849 3562 956 3623 neque
975 3543 1056 3605 ullis
1076 3542 1203 3606 artibus
1223 3563 1298 3607 eum

173 3675 291 3738 capere
312 3661 411 3739 queat
429 3659 517 3736 (73-
532 3658 587 3735 84)
612 3695 613 3700 1
1186 3729 1189 3736 ,

175 3801 178 3812 ·
218 3771 359 3854 Priapus
379 3775 450 3835 erat
464 3772 545 3842 deus
562 3774 756 3848 fertilitatis,
775 3773 870 3836 euius
884 3775 1017 3854 signum
1030 3774 1181 3854 ligneum
1193 3774 1299 3838 minio

172 3886 311 3968 pictum,
336 3886 465 3951 nudum
485 3891 518 3950 et
537 3909 623 3970 pene
643 3893 761 3962 erecto,
792 3890 829 3951 in
858 3888 965 3951 hortis
994 3908 1120 3969 ponere
1146 3889 1299 3952 solebant

174 4000 320 4084 antiqui.¹
335 4002 467 4091 Naturae
481 4004 535 4068 dei
548 4005 787 4067 convenienter
798 4009 906 4086 poetae
926 4005 1051 4067 lasciva
1072 4005 1102 4066 ei
1122 4004 1300 4068 sacrabant

170 4105 1297 4202 carmina,quorumexemplanobisexstantiasyllogePriapeorum

171 4234 317 4296 maxima
348 4253 387 4296 ex
414 4239 509 4317 parte
529 4241 680 4317 tempore
699 4236 843 4316 Augusti
871 4236 1005 4317 scripta.
1024 4211 1182 4314 'Tibullus
1211 4241 1298 4301 certe

1156 4359 1201 4410 ω’
