3268 4896
309 424 359 479 106
729 451 771 494 an
787 452 810 496 1.
830 448 872 507 10,
890 448 1016 496 45—5e.

307 625 420 689 tardas
460 625 522 690 sub
560 626 640 710 iuga
680 626 792 709 panda
833 627 954 690 boves»
998 631 1031 690 et
1070 627 1149 692 Her.
1184 630 1212 704 6,
1257 631 1315 693 1οε
1352 629 1440 693 «Isse

309 762 420 806 sacros
439 741 559 806 Martis
579 743 640 806 sub
661 743 740 825 iuga
757 743 870 825 panda
901 745 1021 808 boves»
1047 750 1081 809 et
1097 746 1147 809 Ex
1165 747 1259 810 Pont.
1280 746 1306 810 I.
1328 748 1357 820 8,
1377 747 1440 810 54:

312 858 458 922 «Ducam
477 859 638 922 ruricolas
658 858 719 923 sub
738 859 818 939 iuga
837 879 938 924 curva
956 860 1090 925 boves».
1104 899 1150 906 —
1168 879 1268 926 sucos
1287 859 1442 927 condidit

307 991 393 1053 utica,
433 975 577 1038 condere
617 976 801 1057 amphoris,
842 980 881 1039 ut
919 975 1000 1040 Hor.
1034 976 1142 1041 (larm.
1175 979 1200 1042 l.
1240 979 1292 1053 10,
1335 977 1440 1041 1-3;

313 1087 403 1151 «Vile
432 1090 565 1170 potabis
593 1089 734 1153 modicis
755 1086 919 1153 Sabinum
939 1088 1127 1164 Cantharis
1150 1090 1264 1155 Graeca
1277 1091 1366 1174 quod
1379 1110 1439 1172 ego

311 1205 383 1285 ipse
403 1208 491 1268 testa
512 1203 692 1268 Conditum
713 1206 810 1270 levi».
833 1244 877 1251 —
896 1205 1070 1276 Funderet
1098 1213 1136 1274 ut
1154 1213 1237 1276 ructo
1266 1211 1354 1276 testu
1372 1228 1439 1292 pu-

310 1319 408 1383 toruu
438 1337 581 1396 ruerunt,
614 1319 728 1382 locum
758 1321 911 1384 imitatur
941 1320 1000 1385 Ov.
1030 1322 1067 1386 A.
1097 1324 1133 1387 A„
1163 1325 1313 1388 11.695:
1338 1323 1440 1386 «mibi

308 1434 427 1497 fundat
447 1435 574 1498 avitum
594 1433 796 1500 Consulibus
815 1437 934 1518 priscis
954 1439 1089 1503 condita
1107 1442 1195 1504 testa
1213 1460 1440 1518 memma,—

308 1544 396 1612 Poce
430 1547 547 1613 bidens
576 1566 757 1633 cautaeque
785 1551 905 1631 utteut,
936 1555 972 1617 ut
1003 1553 1118 1618 tristia
1146 1552 1228 1618 duri
1256 1551 1378 1620 Motus
1404 1554 1442 1617 tu

310 1663 459 1729 tenebris
488 1669 628 1749 occupet
656 1685 759 1732 orruu
786 1665 883 1742 situs,
913 1667 1058 1731 imitatio
1078 1670 1143 1732 loci
1164 1670 1252 1752 apud
1272 1668 1329 1733 Ov.
1351 1669 1439 1732 Fast

308 1780 361 1843 IV.
393 1783 591 1846 oar-928:
616 1780 771 1846 «Sarcula
801 1803 892 1845 nunc
921 1782 1089 1866 durusque
1117 1784 1236 1854 bidens
1267 1790 1299 1848 et
1326 1805 1442 1849 vomer

310 1894 470 1970 aduncus,
499 1893 599 1958 Buris
635 1916 724 1977 opes,
762 1896 902 1965 niteant.
940 1898 1097 1979 inquinet
1131 1918 1225 1962 arma
1260 1900 1376 1964 situs».
1397 1936 1442 1944 —-

312 2007 430 2073 bidens
458 2027 652 2092 vomerque,
681 2009 827 2074 bidentis
855 2012 892 2074 in
919 2012 1028 2075 vineis
1049 2016 1082 2075 et
1101 2013 1219 2088 hortis,
1240 2015 1385 2078 vomeris
1405 2013 1440 2076 in

310 2124 397 2202 agris
418 2143 518 2198 usus;
548 2122 666 2186 bidens
695 2127 728 2186 et
757 2128 904 2188 aratrum
923 2144 993 2187 una
1012 2130 1320 2190 commemorantur
1339 2128 1441 2190 etiam

309 2238 333 2300 Ι.
359 2237 386 2311 1,
408 2238 561 2301 afa—30:
587 2236 672 2299 «Neo
691 2240 806 2300 tamen
826 2238 995 2302 interdum
1013 2239 1139 2321 pudeat
1155 2241 1305 2304 tenuisse
1324 2240 1441 2304 biden-

309 2361 387 2428 tem,
409 2352 475 2415 aut
495 2352 632 2416 stimulo
652 2352 765 2417 tardos
794 2355 1000 2436 increpuisse
1020 2356 1140 2419 boves»
1165 2359 1198 2419 et
1216 2356 1258 2420 H.
1282 2357 1311 2432 3,
1333 2359 1440 2422 5—7:

315 2488 434 2550 uquam
454 2467 585 2530 fortiter
603 2466 673 2529 illic
692 2466 869 2531 Versarem
889 2469 1000 2533 valido
1028 2471 1153 2553 pingue
1173 2470 1308 2534 bidente
1330 2471 1441 2535 solum

308 2581 536 2665 Agricolaeque
567 2582 667 2646 modo
700 2603 837 2648 curvum
868 2588 1014 2649 sectarer
1045 2590 1223 2650 aratrum».
1254 2623 1299 2631 —
1322 2587 1442 2669 citent,

310 2704 445 2781 propter
463 2719 572 2762 usum.
593 2735 638 2742 —
658 2704 799 2783 occupat
815 2720 930 2767 ortua
957 2702 1054 2778 silete,
1085 2723 1127 2766 sc.
1159 2703 1275 2784 robigo
1304 2708 1443 2785 propter

310 2817 412 2879 situm
423 2838 431 2891 ;
451 2816 491 2878 ci.
512 2815 594 2880 Hor.
616 2813 682 2880 Sat.
704 2817 745 2879 Π.
772 2819 797 2890 1,
819 2819 883 2881 43:
901 2819 1080 2901 «Iuppiter,
1100 2821 1138 2882 ut
1158 2822 1273 2900 pereat
1292 2821 1441 2900 positum

310 2932 461 3013 robigine
490 2931 627 2994 telum».
648 2969 692 2974 -
712 2931 870 2998 Rusticus
898 2952 914 2996 e
944 2933 1097 3018 lucoque,
1127 2935 1214 2996 inter
1242 2955 1307 2998 ves.
1334 2936 1386 2998 50.
1410 2936 1443 2997 et

311 3047 363 3111 51.
384 3045 541 3110 videntur
569 3046 729 3111 excidisse
759 3049 888 3130 aliquot
906 3070 1022 3112 versus
1042 3050 1084 3113 de
1103 3052 1191 3114 bona
1219 3070 1328 3114 messe
1349 3051 1442 3114 etde

311 3162 405 3225 iestis
435 3161 522 3225 loebe
552 3163 772 3237 rusticorum;
804 3163 893 3226 idem
921 3167 1084 3229 transitus
1114 3167 1156 3229 ΙΙ.
1183 3168 1213 3240 5,
1235 3167 1377 3230 81-90.
1397 3201 1444 3210 -

310 3276 501 3359 clusoque,
532 3296 574 3339 sc.
606 3297 623 3338 e
653 3277 729 3338 luco
760 3297 863 3353 sacro,
892 3279 951 3342 ubi
978 3281 1100 3342 festum
1131 3280 1206 3360 egit.
1227 3315 1273 3322 —
1289 3279 1444 3364 lucoque,

311 3392 503 3455 coniunctio
516 3409 601 3475 -que
619 3395 697 3472 post
716 3394 851 3456 tertium
872 3397 1046 3458 sententiae
1065 3397 1222 3471 verbum;
1242 3395 1321 3459 talis
1341 3395 1443 3459 collo-

311 3509 397 3572 catio
426 3508 676 3572 coniunctionis
706 3512 756 3572 est
784 3510 915 3574 Tibullo
943 3512 1089 3593 propria.
1110 3548 1155 3555 —
1173 3510 1266 3576 ucula
1294 3509 1441 3586 notrices,

311 3623 432 3695 ebrius,
461 3624 500 3683 ut
528 3620 584 3685 Ov.
614 3622 703 3685 Fast.
734 3622 787 3685 VI.
820 3625 904 3687 785:
940 3624 1041 3688 «Ecce
1080 3625 1272 3688 suburbana
1309 3623 1443 3687 rediens

310 3739 399 3802 male
428 3739 560 3801 sobrius
588 3737 688 3802 aede».
719 3739 849 3815 Ebrius,
880 3760 959 3803 nam
988 3741 1029 3803 H.
1064 3742 1090 3815 1,
1124 3740 1265 3804 31—3a.
1292 3739 1444 3803 Tibullus

310 3858 382 3937 ipse
402 3855 502 3919 dicit:
528 3876 616 3920 cnon
645 3857 731 3917 festa
758 3857 832 3918 luce
861 3855 1006 3919 madere·
1020 3856 1081 3919 Est
1108 3853 1212 3918 rubor
1240 3860 1390 3919 errantes
1409 3858 1445 3918 et

311 3973 399 4036 male
431 3973 517 4034 ferre
548 3972 682 4054 pedes».
716 3971 805 4036 liuto
838 3992 926 4053 saepe
945 3972 1013 4035 vim
1041 3973 1233 4053 negativam
1263 3970 1376 4046 habet,
1406 3974 1445 4034 ut

311 4090 401 4171 apud
419 4091 500 4154 Hor.
522 4089 629 4154 Carm.
650 4090 675 4152 I.
698 4092 728 4164 9,
750 4090 814 4152 dl:
832 4090 938 4151 «male
951 4089 1122 4169 pertinax»
1141 4115 1176 4140 =
1190 4106 1260 4150 non
1278 4086 1443 4169 pertinax,

311 4203 370 4284 Ep.
392 4204 417 4266 l.
443 4206 492 4272 19.
514 4203 554 4266 3:
588 4205 694 4266 «male
724 4224 845 4266 sanus»
874 4231 909 4256 =
932 4203 1074 4266 insanus
1104 4206 1137 4265 ct
1164 4201 1224 4282 Ep.
1254 4201 1297 4264 Π.
1328 4201 1381 4276 20,
1402 4202 1445 4266 5:
