3268 4896
632 438 678 482 sn
691 438 714 482 1.
732 435 757 494 s,
777 435 902 484 ss-ee.
1256 435 1259 440 ¹
1301 415 1336 470 89

197 633 275 697 ,quse
294 614 383 680 eires
401 633 479 678 eum
499 616 587 688 sunt,
608 612 847 676 humeetentur
864 611 1014 676 lacrimis
1035 611 1277 689 decidentibus,
1298 615 1337 676 ut

202 731 312 796 eluest
332 750 371 794 ex
398 729 588 794 imitatione
617 727 674 792 Ov.
707 727 787 792 Her.
813 729 862 804 12,
884 729 1038 792 62--—64:
1063 727 1231 793 «thalamo
1260 749 1337 794 eure

197 847 337 928 »recepte
357 863 452 908 soror
471 843 703 926 Disieetesque
723 863 837 908 eomes
857 841 1063 926 adversaque
1083 845 1119 906 in
1140 864 1198 908 ore
1225 844 1336 910 ineen-

203 965 273 1026 tem
289 960 425 1026 Invenit
444 964 477 1024 et
495 960 645 1024 lacrimis
665 960 781 1024 omnia
808 959 911 1042 plene
940 960 1059 1036 meis»,
1078 959 1135 1023 ubi
1166 961 1276 1043 egitur
1295 961 1336 1026 de

202 1078 289 1143 leuto
308 1077 457 1142 lacrimis
472 1075 670 1140 medefueto.

246 1193 283 1259 V.
305 1194 448 1258 55-60,
465 1192 604 1278 poterut
621 1190 779 1256 custodia
797 1191 897 1270 vinci,
920 1192 1066 1256 habebut
1084 1193 1187 1275 igitur
1209 1193 1336 1258 Pholoe

203 1313 399 1385 amatorem,
420 1308 477 1392 qui
496 1328 571 1372 enm
590 1307 751 1371 custodiri
779 1306 889 1372 iussit
910 1345 955 1352 -
975 1304 1051 1392 Ipse
1078 1305 1172 1374 dedit
1200 1307 1336 1392 cupidis

203 1426 325 1512 fallere
339 1444 443 1510 posse
463 1422 558 1504 deus,
579 1443 622 1488 se.
643 1425 755 1502 Amor,
775 1428 815 1487 ut
833 1425 922 1488 intre
940 1424 994 1487 IV.
1011 1426 1041 1499 6,
1065 1426 1124 1490 ts:
1149 1425 1336 1490 «Fellendi

111 1538 116 1549 '
205 1559 269 1624 que
296 1540 370 1607 vies
397 1538 491 1602 mille
519 1537 689 1602 ministret
716 1538 850 1603 Amor».
872 1577 916 1583 -
935 1537 1082 1622 cupidis,
1100 1539 1240 1604 Veneris
1268 1541 1283 1606 f
1324 1575 1336 1586 -

205 1654 299 1719 endae
319 1653 458 1735 cupidis,
479 1655 518 1716 ut
536 1652 625 1716 intre
644 1673 690 1716 vs.
712 1655 775 1728 74;
795 1653 819 1716 L
842 1655 872 1727 9,
894 1653 1028 1728 5831V.
1044 1656 1073 1729 6,
1092 1656 1151 1729 11;
1171 1653 1259 1731 Ill,
1273 1655 1336 1728 58;

199 1770 246 1834 ·Π.
268 1773 298 1846 5,
319 1771 372 1834 54.
386 1806 431 1812 —
443 1771 482 1836 ut
500 1785 561 1832 uec
580 1766 660 1833 deut
680 1769 800 1834 ossula
819 1771 923 1852 raptu
944 1787 1082 1852 sorsum,
1101 1773 1139 1833 ut
1158 1790 1202 1835 ne
1221 1769 1338 1834 osenla

209 1885 343 1968 quidem
373 1904 494 1948 sonum
526 1884 615 1948 dent
646 1921 690 1926 —
719 1884 882 1978 quumvis
909 1884 1081 1970 obrepere,
1111 1885 1154 1949 sd
1185 1885 1337 1968 quemvis

198 2001 355 2084 'puellum
376 2001 554 2083 obrepere3
575 2019 653 2064 eum
672 2001 874 2079 accusative,
894 2005 934 2065 ut
951 2001 1057 2065 Pleut
1072 2001 1162 2064 Poen.
1177 2001 1261 2082 prol,
1277 2003 1337 2066 14:

212 2117 324 2194 «Num,
339 2117 406 2180 nisi
423 2117 593 2191 elamabis,
615 2116 755 2180 tacitum
775 2121 807 2180 te
828 2117 966 2198 obrepet
985 2119 1109 2181 fames»
1134 2120 1167 2181 et
1186 2117 1335 2181 Trinum.

198 2235 267 2298 du:
285 2233 454 2316 «Namque
467 2232 556 2296 enim
575 2237 621 2309 tu,
643 2232 750 2308 erede,
771 2254 825 2297 me
846 2233 1095 2314 imprudentem
1115 2233 1335 2315 obrepserisr.

201 2348 377 2428 ,Quemvis
396 2369 476 2430 pro:
496 2350 649 2430 quemvis
667 2349 827 2430 puellum,
849 2353 886 2411 ut
909 2350 999 2412 infru
1017 2343 1071 2412 IV.
1094 2351 1123 2426 3,
1145 2351 1206 2414 ll:
1231 2371 1336 2433 «quss-

205 2486 366 2548 eumque»
397 2485 478 2548 pro:
508 2485 724 2548 quaeeumque
752 2463 876 2546 puelle.
906 2465 930 2528 L
954 2468 982 2542 6,
1006 2467 1158 2531 69-70:
1183 2467 1337 2532 «laudere

202 2601 269 2644 'nee
300 2580 413 2645 ullum
443 2580 574 2643 Possim
607 2599 686 2660 ego»
711 2599 753 2642 se.
786 2580 947 2661 puellum,
978 2581 1020 2653 H,
1046 2582 1073 2657 1,
1095 2584 1224 2648 9-10:
1250 2603 1337 2646 «non

170 2717 175 2724 ·
207 2696 328 2760 audeat
346 2695 422 2761 ullu
440 2695 626 2760 Lenifieem
653 2696 770 2778 pensis
799 2696 1002 2777 imposuisse
1031 2716 1190 2762 menum»
1213 2718 1257 2761 se.
1278 2717 1336 2762 en-

209 2813 296 2876 eille.
322 2809 492 2896 obrepere
511 2811 551 2875 de
571 2813 695 2877 iuvene
714 2813 831 2875 furtim
851 2813 1000 2894 puellam
1020 2813 1176 2891 adeunte,
1195 2817 1233 2877 ut
1252 2813 1338 2879 sub-

204 2946 322 3012 repere
342 2927 382 2990 de
402 2926 517 3008 puella
535 2927 691 2990 iuvenem
711 2933 880 3008 quaerente
899 2928 953 2992 IV.
977 2930 1005 3002 3,
1021 2931 1084 2994 dl:
1106 2949 1340 3012 «quaecumque

207 3063 285 3108 meo
305 3043 428 3106 turum
459 3041 608 3123 subrepit
638 3042 764 3105 emori»
797 3043 818 3106 i.
841 3062 867 3107 e.
889 3044 1004 3109 iuveni
1024 3066 1043 3108 e
1060 3063 1115 3108 me
1145 3049 1257 3109 umato
1269 3066 1278 3120 ;
1298 3045 1338 3107 ef.

207 3159 283 3225 adn.
316 3160 358 3223 ed
388 3158 420 3222 lu
446 3159 467 3222 l.
489 3195 533 3201 -
553 3159 700 3240 stepen
730 3160 827 3226 nullo
859 3160 950 3226 clam
980 3181 1135 3228 reserare
1166 3162 1268 3247 fores,
1300 3163 1339 3224 ef.

208 3278 314 3356 poetes
334 3275 436 3338 verbu
455 3273 498 3337 ed
517 3273 656 3338 ienuam
676 3275 820 3338 dominae
841 3278 929 3340 intre
949 3277 973 3341 I.
990 3281 1019 3352 Ξ,
1039 3280 1098 3343 1οι
1116 3278 1205 3341 «Neu
1226 3277 1341 3340 furtim

208 3409 305 3455 verso
326 3388 461 3454 curdine
481 3392 598 3470 aperte
618 3408 747 3453 sones».

251 3504 288 3567 V.
312 3505 453 3567 61-66,
483 3502 666 3587 promittit,
699 3525 742 3567 se.
774 3525 808 3568 se
840 3505 883 3569 ed
913 3525 967 3570 me
987 3513 1164 3570 venturum
1195 3525 1275 3568 esse.
1296 3541 1341 3546 -

210 3620 325 3687 subito
353 3619 412 3686 sed
441 3618 578 3706 perfida
614 3621 719 3706 fallit,
749 3621 871 3685 losum.
893 3622 1056 3712 expressit
1085 3622 1181 3702 Prop.
1212 3621 1253 3683 IL
1288 3621 1339 3692 lt,

208 3739 362 3802 45—47:
396 3736 478 3800 «Hie
509 3757 597 3801 unus
629 3737 725 3802 dolor
755 3742 806 3801 est
837 3759 876 3800 ex
907 3737 1063 3800 omnibus
1095 3756 1171 3801 eser
1203 3736 1339 3810 ementi,

202 3854 367 3937 ⁴Speranti
399 3855 509 3918 subito
543 3856 570 3917 si
603 3875 668 3937 que
696 3855 813 3919 venire
841 3858 961 3934 neget:
983 3853 1116 3932 Quanta
1145 3853 1242 3916 illum
1270 3855 1340 3915 toto

204 3974 346 4034 eversant
376 3971 523 4053 suspirie
551 3971 670 4034 leeto».
696 4007 740 4014 -—-
771 3967 1011 4054 quodcumque
1042 3971 1205 4043 ureretur,
1240 3964 1342 4032 llltue

199 4082 307 4149 ‘eredo
339 4087 421 4150 iuste
451 4085 608 4150 sonuisse
634 4082 751 4168 pedes,
782 4088 829 4148 ut
851 4083 908 4147 Ov.
939 4083 1017 4147 Her.
1044 4085 1092 4158 19,
1114 4085 1266 4147 53-54:
1291 4085 1343 4145 ret

198 4220 347 4264 emnem
366 4199 536 4263 Adventus
556 4200 735 4281 strepitum
756 4199 922 4263 credimus
943 4219 1015 4263 esse
1034 4199 1125 4262 tuis..
1151 4227 1153 4234 ·
