3268 4896
643 440 724 484 1111.
742 438 768 495 s,
789 438 877 486 1-1.
1278 420 1326 473 111

239 615 283 680 M.
322 615 476 678 Valerius
513 613 676 680 Messalla
713 614 888 690 Corvinus,
929 617 1041 680 fautor
1083 617 1217 708 Tibulli,
1258 622 1329 682 erat

193 731 345 814 Augusto
373 715 561 813 imperante
589 732 679 796 inter
706 733 875 814 principes
903 731 1057 809 civitatis,
1080 755 1107 796 a.
1129 733 1182 798 31.
1201 754 1229 797 a
1250 732 1327 798 Chr.

195 868 227 911 n
249 848 376 911 consul.
397 846 556 910 Interfuit
579 846 669 910 bello
688 847 833 914 Actiaco.
856 845 976 910 deinde
1006 852 1123 911 contra
1141 849 1328 931 Aquitanos

194 964 398 1027 rebellantes
416 964 541 1026 missus
562 983 620 1026 eos
639 962 770 1040 devicit,
785 983 850 1044 quo
869 963 906 1026 in
924 964 1013 1028 bello
1034 966 1070 1027 in
1089 964 1226 1028 cohorte
1246 986 1329 1046 prse-

194 1080 282 1143 toria
302 1099 414 1143 secum
434 1079 553 1144 habuit
571 1080 751 1143 Tibullum.
772 1079 809 1142 A.
833 1081 883 1142 30.
905 1080 942 1142 in
962 1078 1135 1144 Orientem
1159 1081 1329 1163 profectus

196 1192 349 1257 Ciliciam
362 1198 396 1257 et
408 1191 538 1274 Syriam
558 1194 711 1276 pacavit;
733 1214 761 1257 a.
777 1196 830 1258 27.
845 1195 882 1256 in
901 1194 1019 1259 urbem
1038 1215 1191 1259 reversus
1212 1195 1329 1260 trium·

195 1309 302 1390 phum
322 1308 398 1390 egit

240 1424 357 1488 Amica
376 1424 507 1499 Tibulli,
531 1445 631 1507 quam
650 1428 750 1506 poeta
769 1423 846 1488 ficto
866 1425 1004 1488 nomine
1015 1425 1146 1488 Deliam
1169 1425 1328 1507 appellat,

198 1543 268 1602 erat
287 1539 445 1602 libertina
465 1540 516 1616 (cf.
537 1539 562 1602 I.
586 1540 614 1610 6,
637 1541 813 1616 67-68.);
833 1560 950 1602 verum
971 1541 1043 1603 eius
1063 1559 1189 1603 nomen
1208 1540 1330 1602 Hostia

197 1655 279 1730 fuit;
301 1655 340 1717 of.
361 1655 459 1736 Apul.
480 1655 575 1736 Apol.
601 1655 661 1718 10:
687 1660 890 1719 «accusent.
912 1705 919 1719 .
941 1705 948 1719 .
971 1655 1150 1724 Tibullum.
1182 1655 1268 1737 quod
1299 1655 1329 1717 ei

153 1743 155 1746 Ι
198 1769 241 1832 sit
259 1768 379 1832 Plania
398 1767 434 1831 in
454 1770 578 1845 anim0,
599 1769 696 1832 Delia
720 1769 756 1832 in
774 1790 905 1833 versu».

244 1881 374 1966 Scripta
403 1891 454 1948 est
483 1885 591 1965 elegia
620 1905 647 1947 a.
681 1886 743 1959 30,
777 1905 853 1949 cum
884 1885 1036 1948 Tibullus
1068 1883 1262 1950 Messallam
1293 1886 1330 1948 in

198 1997 370 2064 Orientem
391 2000 562 2064 abiturum
582 2001 675 2084 sequi
695 2001 831 2064 vellet*

242 2114 279 2178 V.
304 2116 399 2179 1-4.
421 2112 520 2180 Ibitis
542 2169 547 2180 .
568 2167 575 2179 .
598 2167 603 2179 .
628 2114 799 2192 Messalla,
822 2138 864 2181 sc.
886 2121 933 2192 tu,
955 2115 1123 2184 Messalla.
1139 2126 1172 2179 et
1191 2117 1331 2180 comites

197 2232 256 2294 tui.
282 2267 327 2274 —
346 2229 490 2316 Aoyaeos
512 2281 519 2294 .
540 2283 547 2296 .
569 2282 575 2294 .
594 2249 659 2314 por
677 2231 804 2311 andos,
823 2232 954 2297 videtur
982 2231 1140 2296 Messalla
1170 2233 1207 2295 in
1230 2236 1331 2314 portu

199 2346 344 2428 quodam
364 2347 466 2411 maris
485 2348 607 2428 Aegaei,
630 2346 671 2410 ad
692 2346 912 2412 Octavianum
931 2348 969 2411 in
987 2350 1175 2430 Aegyptum
1194 2349 1331 2429 naviga·

197 2465 302 2536 turus,
315 2462 484 2527 Tibullum
496 2468 713 2546 exspectasse.
728 2501 773 2507 —
789 2461 817 2527 Ο
834 2464 972 2529 1111111111
991 2482 1171 2544 memores,
1191 2464 1330 2547 supple:

200 2577 292 2644 eatis.
313 2616 358 2622 —
378 2579 450 2662 ipso
470 2577 669 2663 cohorsque,
690 2581 761 2643 iure
792 2583 895 2660 optat,
916 2583 955 2643 111
974 2581 1027 2644 sui
1055 2601 1222 2644 memores
1252 2583 1329 2648 sint.

198 2714 281 2758 nam
298 2696 400 2777 paulo
415 2700 493 2758 ante
510 2696 546 2757 in
559 2696 740 2776 Aquitania
759 2715 894 2759 merens
913 2696 1097 2760 amicitiam
1117 2695 1331 2777 imperatoris

199 2815 232 2873 et
263 2811 557 2874 contubernalium
589 2811 653 2874 sibi
684 2810 883 2875 conciliavit.
909 2847 953 2855 -
981 2809 1180 2896 cohorsque,
1211 2814 1332 2877 cohors

198 2927 365 3007 praetoria,
404 2926 584 2989 comitatus
622 2923 726 2988 ducis.
756 2962 799 2968 —
829 2922 881 2988 Mo
917 2929 1003 2991 torret
1038 2925 1163 3010 ipnotis
1199 2945 1333 3012 1119111111

199 3035 363 3105 Pltoeooio
393 3039 504 3115 torris,
537 3039 670 3103 videtur
699 3039 850 3103 Tibullus
881 3039 988 3103 Roma
1017 3043 1067 3118 (cl.
1101 3041 1189 3103 infra
1219 3061 1266 3104 vs.
1288 3041 1332 3119 9.)

198 3154 418 3219 Brundisium
447 3157 616 3238 profectus
646 3175 728 3230 esse,
759 3154 878 3218 deinde
908 3155 1006 3219 solito
1036 3176 1136 3220 cursu
1155 3157 1331 3238 navigasse

201 3288 306 3350 usque
336 3269 378 3333 ad
407 3269 594 3351 Corcyram,
626 3290 698 3351 quae
727 3270 837 3350 prima
865 3270 966 3333 statio
996 3273 1066 3332 erat
1098 3292 1137 3333 ex
1165 3271 1265 3334 Italia
1295 3272 1332 3334 in

200 3381 364 3447 Graeciam
395 3384 642 3465 navigantibus,
675 3386 708 3446 et
739 3384 786 3447 ibi
816 3385 908 3464 gravi
939 3385 1056 3447 morbo
1086 3389 1257 3466 correptus
1282 3405 1331 3448 re·

198 3499 375 3562 mansisse.
396 3535 440 3542 —
461 3501 558 3577 tacet,
578 3499 709 3562 retinet.
731 3498 947 3583 -19111111,
971 3549 978 3562 .
1000 3550 1006 3562 .
1034 3496 1195 3563 Phoeocio
1219 3499 1332 3580 loiris,

200 3615 242 3678 ad
262 3615 352 3678 hunc
371 3614 484 3677 locum
514 3614 634 3677 alludit
653 3614 710 3678 Or.
732 3615 804 3678 Am.
826 3615 884 3678 ΠΙ.
906 3618 936 3690 9,
957 3616 1099 3680 47-48,
1121 3615 1157 3678 in
1182 3615 1332 3697 epicedio

200 3729 344 3794 Tibulli:
369 3729 453 3795 «sed
481 3734 595 3794 tamen
623 3732 686 3794 hoe
715 3731 845 3806 melius,
877 3750 978 3812 quam
1007 3730 1036 3793 si
1059 3730 1211 3792 Phaeacia
1230 3729 1332 3793 tellus

194 3843 359 3926 ,Ignotum
378 3845 438 3908 vili
458 3847 692 3926 supposuisset
710 3846 813 3908 humo
821 3869 846 3908 1.
867 3881 911 3888 -
931 3841 1105 3925 Pboeooa'o,
1126 3842 1278 3925 Corcyra,
1296 3845 1332 3907 in

200 3979 267 4041 qua
285 3955 420 4046 Σχερίαν
444 3957 669 4037 Homericam,
699 3959 877 4022 Phaeacum
906 3959 1028 4032 sedem,
1059 3976 1239 4038 agnoscere
1268 3958 1331 4021 sibi

245 4207 261 4241 *
282 4206 322 4260 of.
342 4206 420 4259 infra
437 4207 557 4259 Excurs.
577 4205 618 4259 IL
637 4207 665 4258 st
684 4205 739 4258 ΙΠ.
