3268 4896
859 1456 884 1520 L

737 1676 804 1737 Lib.
826 1677 851 1736 1„
873 1676 957 1751 eleg.
978 1679 1009 1736 8.

352 1892 633 1960 Introductio.
662 1892 773 1968 Poeta,
804 1894 861 1974 qui
889 1892 1084 1956 Messallam
1101 1894 1139 1957 in
1167 1892 1340 1958 Orientem
1362 1915 1440 1977 prc-

302 2011 513 2077 ficiscentem
533 2008 627 2091 sequi
645 2008 762 2082 voluit,
783 2007 901 2070 morbo
921 2009 958 2072 in
971 2007 1115 2090 Corcyra
1133 2009 1248 2073 insula
1262 2029 1440 2073 remanere

309 2131 446 2193 coactus
465 2130 609 2191 mortem
629 2126 666 2188 in
685 2125 863 2206 peregrine
890 2128 982 2188 terra
1001 2125 1199 2210 deprecatur
1216 2126 1337 2206 (1-9).
1358 2126 1439 2190 Nar·

304 2247 360 2306 rat
381 2261 522 2326 angores
534 2239 648 2316 Deliae,
662 2240 778 2303 amicae
797 2260 874 2314 suae,
890 2260 970 2321 quae,
986 2259 1063 2302 cum
1082 2243 1213 2304 amator
1232 2240 1304 2304 eius
1323 2240 1440 2305 urbem

307 2358 498 2439 relmquere
526 2355 638 2430 vellet,
667 2354 808 2418 diversis
836 2353 946 2417 modis
976 2352 1055 2417 deos
1083 2354 1255 2418 consuluit
1273 2354 1438 2436 (tc-14).

303 2471 462 2535 Tibullus
483 2473 515 2533 et
535 2470 606 2550 ipse
620 2468 708 2531 tristi
728 2468 842 2530 animo
861 2468 927 2530 iter
937 2468 1111 2549 ingressus
1124 2472 1175 2533 est
1186 2489 1343 2552 nuncque
1363 2489 1440 2534 eum

305 2587 431 2651 Amore
458 2584 566 2649 invito
596 2582 789 2646 discessisse
817 2581 957 2663 penitet
984 2582 1149 2662 (15-aa).
1177 2582 1315 2646 Incusat
1342 2583 1440 2647 deam

310 2698 445 2774 Isidem,
467 2698 556 2781 quod
583 2718 643 2780 pro
673 2697 799 2779 pietate
827 2697 958 2761 nullam
988 2697 1156 2760 rettulerit
1175 2697 1278 2761 Deliae
1299 2698 1441 2779 gratiam

307 2816 427 2879 ,morbo
449 2814 491 2878 ab
510 2817 660 2878 amatore
690 2813 828 2877 defenso
856 2815 1029 2896 rogatque,
1051 2817 1088 2876 ut
1107 2833 1198 2876 nunc
1218 2813 1338 2877 saltem
1367 2834 1440 2878 suc-

304 2933 421 2996 currat
451 2931 514 2995 sibi
543 2930 709 3009 (aa—32).
739 2929 873 2993 Laudat
899 2951 1007 2994 aureae
1037 2931 1146 2994 aetatis
1176 2932 1389 2994 securitatem
1409 2934 1443 2993 et

310 3066 414 3128 regno
433 3046 524 3109 Iovis
551 3045 709 3127 periculis
737 3045 839 3126 pleno
869 3046 1011 3126 opponit
1029 3044 1195 3123 (35-50).
1218 3042 1298 3108 Orat
1315 3044 1440 3119 Iovem,

305 3163 348 3224 ut
367 3163 535 3236 servatum
566 3159 594 3223 ai
622 3161 737 3222 tamen
765 3157 853 3221 mori
880 3161 1026 3239 cogatur,
1048 3157 1267 3240 inscriptione
1297 3159 1442 3240 sepulcri

304 3278 426 3342 testari
445 3275 518 3339 vult
536 3275 655 3338 mortis
674 3293 812 3338 causam
830 3271 965 3338 fidelem
985 3293 1063 3355 erga
1075 3273 1271 3338 Messallam
1290 3275 1442 3337 animum

311 3391 415 3454 fuisse
444 3389 611 3469 (51-56).
641 3387 681 3450 In
699 3408 774 3477 erea
798 3390 992 3452 consolatur
1024 3409 1058 3451 se
1089 3407 1202 3451 rerum
1231 3387 1442 3451 infernarum

306 3505 535 3586 cogitatione:
572 3504 608 3565 in
642 3502 794 3585 Elysium
834 3525 867 3567 se
903 3510 1081 3569 venturum
1117 3507 1229 3586 sperat
1264 3503 1442 3586 sedemque

311 3622 489 3686 beatorum
517 3619 675 3685 describit
694 3621 860 3699 (57—66).
882 3620 997 3702 Elysio
1028 3619 1170 3702 opponit
1188 3611 1364 3682 Tartarum
1383 3638 1442 3700 op·

306 3742 397 3811 tans,
419 3740 457 3801 ut
484 3736 624 3812 inimici,
646 3737 702 3818 qni
731 3735 832 3798 fidem
852 3735 956 3800 Deliae
984 3735 1185 3799 labefactare
1204 3734 1383 3810 voluerint,
1402 3753 1442 3798 eo

305 3853 493 3917 deveniant
511 3853 677 3932 (67—82).
707 3852 747 3914 In
776 3851 843 3914 fine
871 3853 995 3915 oblitus
1024 3852 1165 3934 periculi
1193 3849 1319 3914 reditus
1348 3870 1444 3933 spem

306 3969 459 4051 concipit
477 3968 702 4051 proponitque
723 3968 837 4030 animo
857 3967 946 4031 diem
966 3965 1063 4032 illum
1083 3967 1225 4042 felicem,
1247 3986 1312 4050 quo
1332 3966 1369 4030 in
1386 3987 1442 4030 ur·

311 4083 389 4148 bem
408 4105 560 4149 reversus
581 4087 614 4147 et
634 4083 675 4147 ad
694 4082 827 4146 Deliam
854 4083 987 4147 intrans
1007 4103 1081 4147 eam
1102 4083 1235 4147 obviam
1253 4086 1445 4147 currentem

306 4199 489 4264 habiturus
508 4201 552 4263 sit
569 4200 736 4279 (sa-94).
