3306 4896
348 415 379 465 16
876 435 899 477 1.
916 432 942 477 s.

434 611 520 673 Nam
542 614 693 692 poteram
714 610 755 672 ad
774 609 913 690 laqueos
933 609 1062 672 cautior
1081 628 1153 672 esse
1172 613 1259 673 tues.

392 727 480 806 Quin
501 728 603 791 etiam
622 727 767 791 attonita
784 725 902 790 laudes
921 726 982 790 tibi
1002 731 1117 790 mente
1136 726 1307 799 canebam,

434 843 478 905 At
491 863 550 906 me
569 863 659 906 nuno
679 843 786 907 nostri
806 842 1041 925 Pieridumque
1060 843 1173 925 pudet

390 959 454 1021 Illa
472 958 575 1022 velim
594 957 713 1041 rapida
730 957 902 1022 Vulcanus
921 960 1071 1022 carmina
1089 952 1227 1021 flamma

306 1106 334 1143 so
434 1075 623 1178 Terreatyet
641 1069 769 1154 liquida
788 1071 898 1136 deleat
917 1073 1027 1134 amnis
1048 1068 1141 1153 aqua.

391 1191 438 1253 Tu
457 1189 575 1273 procul
594 1189 673 1251 hino
694 1186 792 1261 absis,
814 1187 868 1249 oui
888 1188 1031 1250 formam
1050 1187 1193 1258 vendere
1214 1208 1292 1250 cura
1313 1193 1362 1251 est

435 1305 477 1367 Et
496 1306 642 1385 pretium
662 1304 764 1386 plena
783 1304 908 1385 grande
929 1305 1050 1366 referre
1070 1324 1184 1366 manu.

390 1422 498 1496 Atta,
520 1421 577 1503 qui
595 1441 738 1503 puerum
758 1419 856 1483 donis
875 1439 1088 1501 corrumpere
1108 1439 1142 1482 es
1163 1438 1274 1496 ausus,

435 1537 554 1599 Rideat
574 1535 723 1598 adsiduis
743 1555 826 1598 uxor
844 1534 953 1599 inulta
972 1534 1067 1609 dolis,

306 1687 333 1724 ⁵5
390 1654 526 1715 Etcum
547 1653 669 1715 furtive
689 1650 846 1714 iuvenem
864 1651 1039 1715 lassaverit
1058 1670 1130 1726 usu,

436 1767 557 1831 Tecum
577 1769 779 1850 interposita
797 1768 957 1849 languida
975 1773 1065 1832 veste
1087 1768 1193 1832 cubet.

392 1883 530 1964 Semper
550 1885 618 1947 sint
639 1887 774 1946 externa
793 1887 849 1946 tuo
869 1884 1011 1964 vestigia
1030 1884 1125 1958 lecto,

436 1998 478 2061 Et
496 2002 611 2081 pateat
630 1999 759 2081 cupidis
780 2020 912 2082 semper
931 2003 1046 2082 aperta
1065 2001 1204 2064 demus:

392 2115 458 2177 Neo
477 2115 602 2178 lasciva
623 2136 717 2180 seror
736 2116 865 2179 dicatur
883 2115 981 2196 plura
1001 2116 1125 2179 bibisse

306 2265 335 2301 ⁶0
437 2231 561 2294 Pocula
580 2230 633 2294 vel
651 2231 765 2312 plures
786 2231 968 2294 emeruisse
987 2231 1085 2295 viros.

392 2345 490 2408 Illam
511 2365 598 2426 saepe
618 2346 729 2408 ferunt
749 2346 902 2408 convivia
922 2345 1041 2409 ducere
1060 2346 1200 2422 Baccho,

435 2463 524 2525 Dum
545 2465 619 2526 rota
637 2460 783 2524 Luciferi
802 2466 959 2542 provocet
980 2466 1053 2525 orta
1073 2463 1181 2526 diem:

392 2579 456 2641 Illa
475 2577 570 2641 nulla
590 2582 689 2660 queat
708 2578 829 2640 melius
850 2597 1047 2641 consumere
1067 2582 1199 2641 noctem

435 2695 502 2756 Aut
521 2713 660 2775 operum
680 2694 789 2756 varias
809 2693 1015 2773 disposuisse
1035 2695 1131 2757 vices.

308 2843 335 2878 es
393 2812 434 2873 At
453 2814 511 2872 tua
530 2809 725 2890 perdidicit:
746 2814 870 2884 necta,
894 2808 1099 2885 stultissime,
1123 2811 1237 2886 sentis,

438 2925 522 2989 Cum
541 2925 602 2987 tibi
621 2945 692 2989 nen
712 2924 811 2987 solita
831 2944 950 3005 eorpus
971 2924 1011 2987 ab
1032 2929 1102 2986 arte
1123 2929 1242 2987 movet.

392 3042 485 3104 Tune
505 3045 604 3122 putas
623 3042 718 3103 illam
737 3060 797 3122 pro
817 3044 850 3102 te
870 3040 1048 3123 disponere
1067 3040 1177 3102 crines

437 3158 503 3220 Aut
521 3161 640 3219 tenues
660 3155 763 3218 denso
783 3159 912 3234 pectere
933 3153 1033 3217 dente
1053 3159 1191 3218 comas?

281 3323 283 3329 .
393 3276 505 3338 Istane
525 3272 705 3353 persuadet
724 3271 833 3346 facies,
857 3289 1003 3351 aureque
1022 3249 1164 3334 lacertos

308 3421 336 3457 70
437 3389 570 3452 Vinciat
590 3391 623 3450 et
643 3387 741 3468 Tyrio
760 3387 901 3468 prodeat
920 3391 999 3469 apta
1018 3390 1120 3452 sinu?

393 3507 468 3570 Non
487 3504 555 3580 tibi,
579 3503 637 3566 sed
656 3504 770 3566 iuveni
790 3503 921 3565 cuidam
940 3504 1013 3566 vult
1032 3503 1120 3566 bella
1139 3502 1252 3578 videri,

438 3621 608 3683 Devoveat
627 3639 687 3699 pro
708 3639 773 3700 quo
794 3638 930 3699 remque
951 3618 1155 3699 domumque
1173 3622 1277 3682 tuam.

394 3739 460 3801 Neo
480 3738 558 3800 facit
579 3737 641 3800 hoc
661 3737 752 3811 vitio,
776 3734 833 3798 sed
854 3755 993 3815 corpora
1012 3735 1099 3798 foeda
1118 3735 1266 3816 podagra

438 3853 480 3914 Et
505 3854 593 3916 senis
615 3853 786 3933 amplexus
807 3853 896 3915 culta
914 3852 1027 3933 puella
1047 3852 1141 3932 fugit.

308 3999 335 4033 π,
394 3968 481 4030 Huic
501 3973 615 4030 tamen
636 3967 788 4030 accubuit
808 3973 923 4030 noster
941 3988 1042 4050 puer:
1064 3969 1153 4030 hunc
1173 3987 1232 4046 ego
1253 3966 1386 4028 credam

439 4083 523 4146 Cum
543 4085 691 4146 trucibus
711 4083 875 4146 Venerem
895 4084 1032 4164 iungere
1052 4103 1150 4164 posse
1170 4084 1258 4145 feris.

393 4199 626 4262 Blanditiasne
647 4219 738 4261 meas
759 4199 834 4262 aliis
854 4201 891 4260 tu
910 4197 1053 4261 vendere
1074 4219 1108 4260 es
1129 4218 1239 4272 ausus,
