<?xml version="1.0" encoding="UTF-8"?>
<!DOCTYPE html PUBLIC "-//W3C//DTD XHTML 1.0 Transitional//EN"
    "http://www.w3.org/TR/xhtml1/DTD/xhtml1-transitional.dtd">
<html xmlns="http://www.w3.org/1999/xhtml" xml:lang="en" lang="en">
 <head>
  <title>
</title>
<meta http-equiv="Content-Type" content="text/html;charset=utf-8" />
  <meta name='ocr-system' content='tesseract 3.04.00' />
  <meta name='ocr-capabilities' content='ocr_page ocr_carea ocr_par ocr_line ocrx_word'/>
</head>
<body>
  <div class='ocr_page' id='page_1' title='image "albiitibullicar01tibugoog_0061.png"; bbox 0 0 3306 4896; ppageno 0'>
   <div class='ocr_carea' id='block_1_1' title="bbox 329 434 935 502">
    <p class='ocr_par' dir='ltr' id='par_1_1' title="bbox 329 434 935 502">
     <span class='ocr_line' id='line_1_1' title="bbox 329 434 935 502; baseline -0.005 1"><span class='ocrx_word' id='word_1_1' title='bbox 329 434 365 486; x_wconf 76' lang='lat'>5⁶</span> <span class='ocrx_word' id='word_1_2' title='bbox 599 476 601 491; x_wconf 56' lang='grc' dir='ltr'><strong>ι</strong></span> <span class='ocrx_word' id='word_1_3' title='bbox 855 459 891 501; x_wconf 90' lang='grc'>11.</span> <span class='ocrx_word' id='word_1_4' title='bbox 909 457 935 502; x_wconf 87' lang='lat'>3.</span> 
     </span>
    </p>
   </div>
   <div class='ocr_carea' id='block_1_2' title="bbox 374 633 1152 832">
    <p class='ocr_par' dir='ltr' id='par_1_2' title="bbox 374 633 1152 832">
     <span class='ocr_line' id='line_1_2' title="bbox 374 633 1055 715; baseline 0 -19"><span class='ocrx_word' id='word_1_5' title='bbox 374 633 429 696; x_wconf 90' lang='lat' dir='ltr'>Illi</span> <span class='ocrx_word' id='word_1_6' title='bbox 450 634 592 697; x_wconf 88' lang='lat' dir='ltr'>selectos</span> <span class='ocrx_word' id='word_1_7' title='bbox 612 637 739 696; x_wconf 88' lang='lat' dir='ltr'>certent</span> <span class='ocrx_word' id='word_1_8' title='bbox 759 633 907 715; x_wconf 88' lang='lat' dir='ltr'>praebere</span> <span class='ocrx_word' id='word_1_9' title='bbox 927 635 1055 697; x_wconf 89' lang='lat' dir='ltr'>colores</span> 
     </span>
     <span class='ocr_line' id='line_1_3' title="bbox 418 749 1152 832; baseline 0.004 -21"><span class='ocrx_word' id='word_1_10' title='bbox 418 750 529 813; x_wconf 74' lang='lat' dir='ltr'>Africa</span> <span class='ocrx_word' id='word_1_11' title='bbox 547 749 727 832; x_wconf 88' lang='lat' dir='ltr'>puniceum</span> <span class='ocrx_word' id='word_1_12' title='bbox 747 769 1019 831; x_wconf 89' lang='lat' dir='ltr'>purpureumque</span> <span class='ocrx_word' id='word_1_13' title='bbox 1039 749 1152 830; x_wconf 82' lang='lat' dir='ltr'>Tyros.</span> 
     </span>
    </p>
   </div>
   <div class='ocr_carea' id='block_1_3' title="bbox 288 1097 1343 2908">
    <p class='ocr_par' dir='ltr' id='par_1_3' title="bbox 288 1097 1343 2908">
     <span class='ocr_line' id='line_1_4' title="bbox 374 1097 1343 1180; baseline 0.003 -22"><span class='ocrx_word' id='word_1_14' title='bbox 374 1097 460 1161; x_wconf 91' lang='lat' dir='ltr'>Nota</span> <span class='ocrx_word' id='word_1_15' title='bbox 479 1098 616 1178; x_wconf 91' lang='lat' dir='ltr'>loquor:</span> <span class='ocrx_word' id='word_1_16' title='bbox 639 1117 780 1178; x_wconf 83' lang='lat' dir='ltr'>ragnum</span> <span class='ocrx_word' id='word_1_17' title='bbox 799 1097 863 1160; x_wconf 89' lang='lat' dir='ltr'>iste</span> <span class='ocrx_word' id='word_1_18' title='bbox 883 1101 985 1172; x_wconf 87' lang='lat' dir='ltr'>tenet,</span> <span class='ocrx_word' id='word_1_19' title='bbox 1007 1118 1104 1178; x_wconf 90' lang='lat' dir='ltr'>quem</span> <span class='ocrx_word' id='word_1_20' title='bbox 1127 1118 1215 1179; x_wconf 88' lang='lat' dir='ltr'>saepe</span> <span class='ocrx_word' id='word_1_21' title='bbox 1235 1098 1343 1180; x_wconf 77' lang='lat' dir='ltr'>coegit</span> 
     </span>
     <span class='ocr_line' id='line_1_5' title="bbox 289 1213 1126 1294; baseline -0.001 -17"><span class='ocrx_word' id='word_1_22' title='bbox 289 1243 318 1277; x_wconf 76' lang='lat' dir='ltr'>co</span> <span class='ocrx_word' id='word_1_23' title='bbox 418 1213 566 1276; x_wconf 79' lang='lat' dir='ltr'>Barbara</span> <span class='ocrx_word' id='word_1_24' title='bbox 586 1216 742 1294; x_wconf 84' lang='lat' dir='ltr'>gypsatos</span> <span class='ocrx_word' id='word_1_25' title='bbox 763 1214 848 1276; x_wconf 84' lang='lat' dir='ltr'>ierre</span> <span class='ocrx_word' id='word_1_26' title='bbox 867 1216 996 1276; x_wconf 90' lang='lat' dir='ltr'>catasta</span> <span class='ocrx_word' id='word_1_27' title='bbox 1014 1213 1126 1294; x_wconf 90' lang='lat' dir='ltr'>pedes.</span> 
     </span>
     <span class='ocr_line' id='line_1_6' title="bbox 373 1327 1343 1408; baseline 0.001 -18"><span class='ocrx_word' id='word_1_28' title='bbox 373 1328 415 1390; x_wconf 89' lang='lat' dir='ltr'>At</span> <span class='ocrx_word' id='word_1_29' title='bbox 434 1328 504 1403; x_wconf 88' lang='lat' dir='ltr'>tibi,</span> <span class='ocrx_word' id='word_1_30' title='bbox 526 1328 610 1391; x_wconf 88' lang='lat' dir='ltr'>dura</span> <span class='ocrx_word' id='word_1_31' title='bbox 629 1347 732 1408; x_wconf 83' lang='lat' dir='ltr'>seges,</span> <span class='ocrx_word' id='word_1_32' title='bbox 753 1327 924 1390; x_wconf 80' lang='lat' dir='ltr'><strong>Nemesim</strong></span> <span class='ocrx_word' id='word_1_33' title='bbox 944 1347 1016 1408; x_wconf 87' lang='lat' dir='ltr'>quae</span> <span class='ocrx_word' id='word_1_34' title='bbox 1037 1327 1172 1392; x_wconf 92' lang='lat' dir='ltr'>abducis</span> <span class='ocrx_word' id='word_1_35' title='bbox 1193 1327 1232 1391; x_wconf 93' lang='lat' dir='ltr'>ab</span> <span class='ocrx_word' id='word_1_36' title='bbox 1253 1328 1343 1402; x_wconf 86' lang='lat' dir='ltr'>urbe,</span> 
     </span>
     <span class='ocr_line' id='line_1_7' title="bbox 420 1433 1194 1506; baseline 0 -2"><span class='ocrx_word' id='word_1_37' title='bbox 420 1442 592 1506; x_wconf 87' lang='lat' dir='ltr'>Persolvat</span> <span class='ocrx_word' id='word_1_38' title='bbox 611 1443 707 1504; x_wconf 84' lang='lat' dir='ltr'>nulla</span> <span class='ocrx_word' id='word_1_39' title='bbox 728 1443 857 1505; x_wconf 88' lang='lat' dir='ltr'>semina</span> <span class='ocrx_word' id='word_1_40' title='bbox 877 1447 966 1505; x_wconf 88' lang='lat' dir='ltr'>terra</span> <span class='ocrx_word' id='word_1_41' title='bbox 982 1433 1058 1506; x_wconf 78' lang='lat' dir='ltr'>&#39;fide</span> <span class='ocrx_word' id='word_1_42' title='bbox 1191 1439 1194 1444; x_wconf 75' lang='grc'><strong>’</strong></span> 
     </span>
     <span class='ocr_line' id='line_1_8' title="bbox 373 1557 1198 1634; baseline 0 -14"><span class='ocrx_word' id='word_1_43' title='bbox 373 1559 416 1620; x_wconf 85' lang='lat' dir='ltr'>Et</span> <span class='ocrx_word' id='word_1_44' title='bbox 435 1562 481 1634; x_wconf 90' lang='lat' dir='ltr'>tu,</span> <span class='ocrx_word' id='word_1_45' title='bbox 502 1558 632 1621; x_wconf 85' lang='lat' dir='ltr'>Bacche</span> <span class='ocrx_word' id='word_1_46' title='bbox 652 1562 755 1633; x_wconf 91' lang='lat' dir='ltr'>tener,</span> <span class='ocrx_word' id='word_1_47' title='bbox 777 1557 931 1620; x_wconf 88' lang='lat' dir='ltr'>iucundae</span> <span class='ocrx_word' id='word_1_48' title='bbox 951 1558 1100 1621; x_wconf 86' lang='lat' dir='ltr'>consitor</span> <span class='ocrx_word' id='word_1_49' title='bbox 1118 1579 1198 1632; x_wconf 83' lang='lat' dir='ltr'>uvae,</span> 
     </span>
     <span class='ocr_line' id='line_1_9' title="bbox 419 1673 1240 1755; baseline 0 -19"><span class='ocrx_word' id='word_1_50' title='bbox 419 1675 468 1736; x_wconf 81' lang='lat' dir='ltr'>Tu</span> <span class='ocrx_word' id='word_1_51' title='bbox 487 1693 617 1755; x_wconf 91' lang='lat' dir='ltr'>quoque</span> <span class='ocrx_word' id='word_1_52' title='bbox 637 1673 782 1748; x_wconf 85' lang='lat' dir='ltr'>devotos,</span> <span class='ocrx_word' id='word_1_53' title='bbox 804 1673 944 1748; x_wconf 85' lang='lat' dir='ltr'>Bacche,</span> <span class='ocrx_word' id='word_1_54' title='bbox 966 1673 1119 1754; x_wconf 89' lang='lat' dir='ltr'>relinque</span> <span class='ocrx_word' id='word_1_55' title='bbox 1139 1674 1240 1736; x_wconf 87' lang='lat' dir='ltr'>lacus.</span> 
     </span>
     <span class='ocr_line' id='line_1_10' title="bbox 288 1788 1194 1869; baseline -0.003 -16"><span class='ocrx_word' id='word_1_56' title='bbox 288 1821 316 1855; x_wconf 75' lang='lat' dir='ltr'>ca</span> <span class='ocrx_word' id='word_1_57' title='bbox 374 1788 475 1850; x_wconf 89' lang='lat' dir='ltr'>Haud</span> <span class='ocrx_word' id='word_1_58' title='bbox 494 1788 632 1869; x_wconf 88' lang='lat' dir='ltr'>impune</span> <span class='ocrx_word' id='word_1_59' title='bbox 652 1788 731 1850; x_wconf 86' lang='lat' dir='ltr'>licet</span> <span class='ocrx_word' id='word_1_60' title='bbox 749 1790 914 1850; x_wconf 87' lang='lat' dir='ltr'>formosas</span> <span class='ocrx_word' id='word_1_61' title='bbox 934 1789 1085 1851; x_wconf 89' lang='lat' dir='ltr'>tristibus</span> <span class='ocrx_word' id='word_1_62' title='bbox 1106 1789 1194 1869; x_wconf 83' lang='lat' dir='ltr'>agris</span> 
     </span>
     <span class='ocr_line' id='line_1_11' title="bbox 418 1903 1203 1985; baseline 0.003 -19"><span class='ocrx_word' id='word_1_63' title='bbox 418 1903 565 1967; x_wconf 86' lang='lat' dir='ltr'>Abdere:</span> <span class='ocrx_word' id='word_1_64' title='bbox 586 1925 656 1967; x_wconf 94' lang='grc'>000</span> <span class='ocrx_word' id='word_1_65' title='bbox 675 1905 761 1968; x_wconf 88' lang='lat' dir='ltr'>tanti</span> <span class='ocrx_word' id='word_1_66' title='bbox 782 1910 860 1968; x_wconf 89' lang='lat' dir='ltr'>sunt</span> <span class='ocrx_word' id='word_1_67' title='bbox 878 1908 938 1967; x_wconf 88' lang='lat' dir='ltr'>tua</span> <span class='ocrx_word' id='word_1_68' title='bbox 957 1908 1077 1979; x_wconf 89' lang='lat' dir='ltr'>musta,</span> <span class='ocrx_word' id='word_1_69' title='bbox 1098 1911 1203 1985; x_wconf 87' lang='lat' dir='ltr'>pater.</span> 
     </span>
     <span class='ocr_line' id='line_1_12' title="bbox 375 2019 1223 2102; baseline 0 -20"><span class='ocrx_word' id='word_1_70' title='bbox 375 2019 400 2082; x_wconf 91' lang='lat' dir='ltr'>O</span> <span class='ocrx_word' id='word_1_71' title='bbox 422 2022 557 2083; x_wconf 88' lang='lat' dir='ltr'>valeant</span> <span class='ocrx_word' id='word_1_72' title='bbox 576 2021 696 2102; x_wconf 84' lang='lat' dir='ltr'>fruges,</span> <span class='ocrx_word' id='word_1_73' title='bbox 717 2040 760 2082; x_wconf 87' lang='lat' dir='ltr'>ne</span> <span class='ocrx_word' id='word_1_74' title='bbox 781 2021 849 2083; x_wconf 91' lang='lat' dir='ltr'>sint</span> <span class='ocrx_word' id='word_1_75' title='bbox 868 2020 967 2083; x_wconf 89' lang='lat' dir='ltr'>modo</span> <span class='ocrx_word' id='word_1_76' title='bbox 988 2041 1064 2082; x_wconf 86' lang='lat' dir='ltr'>rura</span> <span class='ocrx_word' id='word_1_77' title='bbox 1083 2021 1223 2101; x_wconf 81' lang='lat' dir='ltr'>puellae:</span> 
     </span>
     <span class='ocr_line' id='line_1_13' title="bbox 419 2134 1208 2217; baseline 0 -19"><span class='ocrx_word' id='word_1_78' title='bbox 419 2135 524 2199; x_wconf 84' lang='lat' dir='ltr'>Glans</span> <span class='ocrx_word' id='word_1_79' title='bbox 545 2136 613 2198; x_wconf 89' lang='lat' dir='ltr'>alat</span> <span class='ocrx_word' id='word_1_80' title='bbox 634 2139 666 2198; x_wconf 92' lang='lat' dir='ltr'>et</span> <span class='ocrx_word' id='word_1_81' title='bbox 685 2135 795 2216; x_wconf 88' lang='lat' dir='ltr'>prisco</span> <span class='ocrx_word' id='word_1_82' title='bbox 815 2155 908 2198; x_wconf 89' lang='lat' dir='ltr'>more</span> <span class='ocrx_word' id='word_1_83' title='bbox 927 2134 1086 2198; x_wconf 90' lang='lat' dir='ltr'>bibantur</span> <span class='ocrx_word' id='word_1_84' title='bbox 1105 2156 1208 2217; x_wconf 88' lang='lat' dir='ltr'>aquae.</span> 
     </span>
     <span class='ocr_line' id='line_1_14' title="bbox 375 2249 1292 2331; baseline -0.001 -17"><span class='ocrx_word' id='word_1_85' title='bbox 375 2249 481 2314; x_wconf 84' lang='lat' dir='ltr'>Glans</span> <span class='ocrx_word' id='word_1_86' title='bbox 502 2251 587 2314; x_wconf 87' lang='lat' dir='ltr'>aluit</span> <span class='ocrx_word' id='word_1_87' title='bbox 605 2253 743 2326; x_wconf 88' lang='lat' dir='ltr'>veteres,</span> <span class='ocrx_word' id='word_1_88' title='bbox 766 2253 799 2312; x_wconf 90' lang='lat' dir='ltr'>et</span> <span class='ocrx_word' id='word_1_89' title='bbox 817 2250 944 2331; x_wconf 87' lang='lat' dir='ltr'>passim</span> <span class='ocrx_word' id='word_1_90' title='bbox 965 2271 1097 2331; x_wconf 83' lang='lat' dir='ltr'>semper</span> <span class='ocrx_word' id='word_1_91' title='bbox 1117 2256 1292 2313; x_wconf 90' lang='lat' dir='ltr'>amarunt:</span> 
     </span>
     <span class='ocr_line' id='line_1_15' title="bbox 288 2367 1175 2445; baseline -0.007 -11"><span class='ocrx_word' id='word_1_92' title='bbox 288 2398 316 2434; x_wconf 81' lang='lat' dir='ltr'>ro</span> <span class='ocrx_word' id='word_1_93' title='bbox 419 2367 506 2445; x_wconf 82' lang='lat' dir='ltr'>Quid</span> <span class='ocrx_word' id='word_1_94' title='bbox 525 2367 641 2430; x_wconf 88' lang='lat' dir='ltr'>nocuit</span> <span class='ocrx_word' id='word_1_95' title='bbox 660 2367 771 2429; x_wconf 88' lang='lat' dir='ltr'>sulcos</span> <span class='ocrx_word' id='word_1_96' title='bbox 790 2386 860 2428; x_wconf 94' lang='grc'>000</span> <span class='ocrx_word' id='word_1_97' title='bbox 881 2367 1038 2428; x_wconf 76' lang='lat' dir='ltr'>habuisse</span> <span class='ocrx_word' id='word_1_98' title='bbox 1060 2369 1175 2428; x_wconf 80' lang='lat' dir='ltr'>satos?</span> 
     </span>
     <span class='ocr_line' id='line_1_16' title="bbox 372 2479 1256 2564; baseline -0.002 -20"><span class='ocrx_word' id='word_1_99' title='bbox 372 2483 473 2559; x_wconf 82' lang='lat' dir='ltr'>Tunc,</span> <span class='ocrx_word' id='word_1_100' title='bbox 495 2483 615 2564; x_wconf 91' lang='lat' dir='ltr'>quibus</span> <span class='ocrx_word' id='word_1_101' title='bbox 636 2482 803 2563; x_wconf 72' lang='lat' dir='ltr'>aspirabat</span> <span class='ocrx_word' id='word_1_102' title='bbox 822 2482 932 2556; x_wconf 88' lang='lat' dir='ltr'>Amor,</span> <span class='ocrx_word' id='word_1_103' title='bbox 954 2479 1123 2562; x_wconf 76' lang='lat' dir='ltr'>praebebat</span> <span class='ocrx_word' id='word_1_104' title='bbox 1142 2486 1256 2562; x_wconf 88' lang='lat' dir='ltr'>aperte</span> 
     </span>
     <span class='ocr_line' id='line_1_17' title="bbox 417 2596 1135 2678; baseline -0.001 -19"><span class='ocrx_word' id='word_1_105' title='bbox 417 2597 510 2661; x_wconf 84' lang='lat' dir='ltr'>Mitis</span> <span class='ocrx_word' id='word_1_106' title='bbox 530 2599 567 2660; x_wconf 91' lang='lat' dir='ltr'>in</span> <span class='ocrx_word' id='word_1_107' title='bbox 586 2598 745 2661; x_wconf 91' lang='lat' dir='ltr'>umbrosa</span> <span class='ocrx_word' id='word_1_108' title='bbox 763 2596 886 2678; x_wconf 84' lang='lat' dir='ltr'>gaudia</span> <span class='ocrx_word' id='word_1_109' title='bbox 904 2597 992 2659; x_wconf 88' lang='lat' dir='ltr'>valle</span> <span class='ocrx_word' id='word_1_110' title='bbox 1012 2596 1135 2659; x_wconf 88' lang='lat' dir='ltr'>Venus.</span> 
     </span>
     <span class='ocr_line' id='line_1_18' title="bbox 372 2711 1210 2788; baseline -0.002 -12"><span class='ocrx_word' id='word_1_111' title='bbox 372 2714 494 2777; x_wconf 86' lang='lat' dir='ltr'>Nullus</span> <span class='ocrx_word' id='word_1_112' title='bbox 514 2717 585 2777; x_wconf 89' lang='lat' dir='ltr'>erat</span> <span class='ocrx_word' id='word_1_113' title='bbox 604 2718 725 2788; x_wconf 87' lang='lat' dir='ltr'>custos,</span> <span class='ocrx_word' id='word_1_114' title='bbox 747 2713 842 2775; x_wconf 90' lang='lat' dir='ltr'>nulla</span> <span class='ocrx_word' id='word_1_115' title='bbox 863 2714 1037 2775; x_wconf 80' lang='lat' dir='ltr'>exclusura</span> <span class='ocrx_word' id='word_1_116' title='bbox 1056 2711 1210 2774; x_wconf 84' lang='lat' dir='ltr'>dolentes</span> 
     </span>
     <span class='ocr_line' id='line_1_19' title="bbox 417 2827 1154 2908; baseline -0.001 -17"><span class='ocrx_word' id='word_1_117' title='bbox 417 2829 543 2892; x_wconf 87' lang='lat' dir='ltr'>Ianua:</span> <span class='ocrx_word' id='word_1_118' title='bbox 566 2829 664 2892; x_wconf 77' lang='lat' dir='ltr'>sitas</span> <span class='ocrx_word' id='word_1_119' title='bbox 685 2833 742 2903; x_wconf 90' lang='lat' dir='ltr'>est,</span> <span class='ocrx_word' id='word_1_120' title='bbox 765 2848 839 2890; x_wconf 91' lang='lat' dir='ltr'>mos</span> <span class='ocrx_word' id='word_1_121' title='bbox 858 2848 976 2908; x_wconf 87' lang='lat' dir='ltr'>precor</span> <span class='ocrx_word' id='word_1_122' title='bbox 996 2828 1052 2890; x_wconf 89' lang='lat' dir='ltr'>ille</span> <span class='ocrx_word' id='word_1_123' title='bbox 1073 2827 1154 2891; x_wconf 91' lang='lat' dir='ltr'>redi.</span> 
     </span>
    </p>
   </div>
   <div class='ocr_carea' id='block_1_4' title="bbox 372 3060 1297 3489">
    <p class='ocr_par' dir='ltr' id='par_1_4' title="bbox 372 3060 1297 3489">
     <span class='ocr_line' id='line_1_20' title="bbox 417 3060 1176 3140; baseline -0.004 -17"><span class='ocrx_word' id='word_1_124' title='bbox 417 3060 564 3125; x_wconf 86' lang='lat' dir='ltr'>Horrida</span> <span class='ocrx_word' id='word_1_125' title='bbox 582 3061 704 3123; x_wconf 88' lang='lat' dir='ltr'>villosa</span> <span class='ocrx_word' id='word_1_126' title='bbox 722 3079 863 3140; x_wconf 88' lang='lat' dir='ltr'>corpora</span> <span class='ocrx_word' id='word_1_127' title='bbox 881 3063 973 3121; x_wconf 86' lang='lat' dir='ltr'>veste</span> <span class='ocrx_word' id='word_1_128' title='bbox 993 3062 1117 3139; x_wconf 82' lang='lat' dir='ltr'>tegant.</span> <span class='ocrx_word' id='word_1_129' title='bbox 1174 3133 1176 3136; x_wconf 16' lang='grc' dir='ltr'>Ι</span> 
     </span>
     <span class='ocr_line' id='line_1_21' title="bbox 372 3173 1251 3256; baseline -0.006 -16"><span class='ocrx_word' id='word_1_130' title='bbox 372 3177 469 3240; x_wconf 86' lang='lat' dir='ltr'>Nunc</span> <span class='ocrx_word' id='word_1_131' title='bbox 490 3179 519 3241; x_wconf 88' lang='lat' dir='ltr'>si</span> <span class='ocrx_word' id='word_1_132' title='bbox 539 3177 654 3241; x_wconf 86' lang='lat' dir='ltr'>clausa</span> <span class='ocrx_word' id='word_1_133' title='bbox 673 3195 750 3240; x_wconf 90' lang='lat' dir='ltr'>mea</span> <span class='ocrx_word' id='word_1_134' title='bbox 769 3179 827 3251; x_wconf 90' lang='lat' dir='ltr'>est,</span> <span class='ocrx_word' id='word_1_135' title='bbox 851 3176 878 3238; x_wconf 91' lang='lat' dir='ltr'>si</span> <span class='ocrx_word' id='word_1_136' title='bbox 899 3175 995 3256; x_wconf 85' lang='lat' dir='ltr'>copia</span> <span class='ocrx_word' id='word_1_137' title='bbox 1014 3194 1091 3236; x_wconf 89' lang='lat' dir='ltr'>rara</span> <span class='ocrx_word' id='word_1_138' title='bbox 1109 3173 1251 3248; x_wconf 87' lang='lat' dir='ltr'>videndi,</span> 
     </span>
     <span class='ocr_line' id='line_1_22' title="bbox 417 3289 1277 3372; baseline -0.005 -16"><span class='ocrx_word' id='word_1_139' title='bbox 417 3294 494 3356; x_wconf 90' lang='lat' dir='ltr'>Heu</span> <span class='ocrx_word' id='word_1_140' title='bbox 513 3294 684 3367; x_wconf 86' lang='lat' dir='ltr'>miserum,</span> <span class='ocrx_word' id='word_1_141' title='bbox 705 3291 816 3356; x_wconf 83' lang='lat' dir='ltr'>laxam</span> <span class='ocrx_word' id='word_1_142' title='bbox 836 3291 916 3372; x_wconf 90' lang='lat' dir='ltr'>quid</span> <span class='ocrx_word' id='word_1_143' title='bbox 934 3289 1028 3354; x_wconf 88' lang='lat' dir='ltr'>iuvat</span> <span class='ocrx_word' id='word_1_144' title='bbox 1047 3310 1119 3353; x_wconf 90' lang='lat' dir='ltr'>esse</span> <span class='ocrx_word' id='word_1_145' title='bbox 1139 3294 1277 3371; x_wconf 77' lang='lat' dir='ltr'>togam?</span> 
     </span>
     <span class='ocr_line' id='line_1_23' title="bbox 372 3405 1297 3489; baseline -0.003 -17"><span class='ocrx_word' id='word_1_146' title='bbox 372 3409 512 3472; x_wconf 80' lang='lat' dir='ltr'>Ducite:</span> <span class='ocrx_word' id='word_1_147' title='bbox 534 3407 575 3470; x_wconf 87' lang='lat' dir='ltr'>ad</span> <span class='ocrx_word' id='word_1_148' title='bbox 594 3409 773 3489; x_wconf 91' lang='lat' dir='ltr'>imperium</span> <span class='ocrx_word' id='word_1_149' title='bbox 792 3407 936 3470; x_wconf 76' lang='lat' dir='ltr'>domina</span> <span class='ocrx_word' id='word_1_150' title='bbox 958 3405 1161 3470; x_wconf 85' lang='lat' dir='ltr'>sulcabimus</span> <span class='ocrx_word' id='word_1_151' title='bbox 1181 3425 1297 3486; x_wconf 83' lang='lat' dir='ltr'>agros:</span> 
     </span>
    </p>
   </div>
   <div class='ocr_carea' id='block_1_5' title="bbox 286 3523 1209 3616">
    <p class='ocr_par' dir='ltr' id='par_1_5' title="bbox 286 3523 1209 3616">
     <span class='ocr_line' id='line_1_24' title="bbox 286 3523 1209 3616; baseline -0.007 -27"><span class='ocrx_word' id='word_1_152' title='bbox 286 3553 316 3589; x_wconf 82' lang='lat' dir='ltr'>ao</span> <span class='ocrx_word' id='word_1_153' title='bbox 417 3525 492 3587; x_wconf 89' lang='lat' dir='ltr'>Non</span> <span class='ocrx_word' id='word_1_154' title='bbox 513 3544 573 3606; x_wconf 84' lang='lat' dir='ltr'>ego</span> <span class='ocrx_word' id='word_1_155' title='bbox 593 3545 646 3588; x_wconf 90' lang='lat' dir='ltr'>me</span> <span class='ocrx_word' id='word_1_156' title='bbox 665 3525 785 3587; x_wconf 88' lang='lat' dir='ltr'>vinclis</span> <span class='ocrx_word' id='word_1_157' title='bbox 805 3523 1062 3602; x_wconf 87' lang='lat' dir='ltr'>verberibusque</span> <span class='ocrx_word' id='word_1_158' title='bbox 1082 3523 1209 3616; x_wconf 32' lang='lat' dir='ltr'>negas</span> 
     </span>
    </p>
   </div>
   <div class='ocr_carea' id='block_1_6' title="bbox 0 0 1662 4896">
    <p class='ocr_par' dir='ltr' id='par_1_6' title="bbox 0 0 1662 4896">
     <span class='ocr_line' id='line_1_25' title="bbox 0 0 1662 4896; baseline 0 0"><span class='ocrx_word' id='word_1_159' title='bbox 0 0 1662 4896; x_wconf 95' lang='lat' dir='ltr'> </span> 
     </span>
    </p>
   </div>
  </div>
 </body>
</html>
